2447 3518
591 498 653 541 90

937 483 995 524 M.
1017 482 1091 523 vA
1103 483 1148 523 L.
1185 480 1549 524 MARTIALIS

590 571 623 596 et
639 562 764 595 inutilis
784 562 947 605 supersit,
971 562 1069 594 nullis
1089 561 1217 605 scriptis
1271 561 1410 604 repetit,
1428 558 1568 592 maxime
1587 569 1668 591 vero
1691 559 1741 591 τὸν
1758 556 1792 591 δ’
1816 559 1908 591 ἀπα·

591 612 789 645 carminibus
813 604 954 654 (fgallice
975 622 983 643 :
1007 621 1049 642 ne
1076 609 1218 643 derelin-

592 668 735 705 quantur
751 660 877 704 paginae
898 672 933 691 en
950 659 1036 691 blanc
1051 654 1065 700 )
1080 685 1089 697 ,
1111 659 1217 691 imita-

1271 607 1446 653 μειὸόμινος
1461 633 1472 648 ‚
1495 606 1587 652 quod
1612 607 1771 651 Virgilius
1797 607 1907 640 inter-

1273 665 1417 702 pretatus
1428 681 1439 698 ,
1458 658 1552 700 Quem
1571 664 1684 689 eonem.
1705 657 1755 689 lta
1772 667 1835 699 ego
1852 667 1912 689 βε·

592 711 657 742 bor
680 709 860 741 Homerum
877 732 888 749 ,
912 708 968 752 qui
990 708 1106 751 saepius
1129 707 1217 740 idem
1272 708 1347 750 pius
1357 718 1494 739 recurro
1504 705 1545 738 ad
1556 705 1684 738 leonem
1699 713 1733 738 et.
1744 705 1907 749 leporem.

1120 831 1374 884 XLVII.

1043 938 1118 992 'An
1152 945 1453 992 HEDYLUM.*

663 1084 804 1136 Quum
824 1082 923 1123 dicis
946 1096 1143 1140 propero,
1163 1081 1226 1123 fac
1246 1083 1277 1123 si
1303 1079 1623 1140 facisfHedyle,
1643 1079 1812 1138 languet

727 1148 938 1198 Protinus,
962 1156 1002 1188 ct
1026 1155 1155 1188 cessat
1180 1145 1385 1188 debilitata
1407 1147 1559 1188 Venus.

663 1214 911 1270 Exspectare
933 1211 1059 1268 jube:
1080 1210 1258 1253 velocius
1285 1210 1353 1253 ibo
1379 1219 1569 1253 retentus.

729 1276 905 1334 Hedyle,
933 1277 964 1318 si
986 1291 1206 1335 properas,
1232 1276 1296 1318 di'c
1322 1276 1443 1329 mihi,
1471 1291 1522 1318 ne
1549 1290 1782 1333 properem.

649 1400 862 1437 'Inscribitur
871 1396 905 1436 in
916 1404 1032 1435 Venet.
1044 1402 1119 1434 Ald.
1131 1404 1150 1434 J
1155 1410 1225 1435 unt.

601 1454 730 1497 Gryph.
754 1452 862 1485 Colin.
890 1452 1063 1485 Pulmann.
1090 1452 1227 1484 ⁴Junian.

602 1503 725 1546 Delph.
737 1502 825 1542 aliis,
840 1502 898 1534 Ad
911 1501 1069 1539 AEde‘lum3
1087 1501 1156 1533 alin
1169 1501 1227 1532 ha-

602 1552 683 1584 bent
704 1552 760 1584 Ad
782 1551 921 1583 AEdilam
941 1545 1017 1592 (vel
1035 1548 1226 1594 Hedylam)‚

604 1599 697 1645 quod
714 1611 828 1633 verum
851 1610 919 1633 esse
935 1598 1106 1632 contendit
1126 1599 1227 1630 Rami-

604 1662 649 1682 res
687 1649 723 1681 de
757 1649 861 1681 Prado
873 1673 882 1687 ‚
909 1656 1024 1681 contra
1050 1648 1229 1681 nitentibus

603 1698 748 1739 Gruter-o
758 1722 767 1735 .
788 1697 959 1730 Gronovio
968 1720 978 1737 ‚
994 1697 1166 1729 Scriverio.

658 1759 687 1780 1.
708 1746 845 1791 Hedyle,
865 1746 918 1779 vel
934 1745 1059 1781 aidila,
1082 1746 1153 1778 vult
1168 1745 1230 1777 Pe-

605 1804 678 1829 trus
689 1795 869 1828 Scriverius
878 1818 889 1834 ‚
905 1795 959 1828 hic
972 1803 1005 1828 et
1016 1807 1048 1827 v.
1064 1799 1096 1834 4.
1109 1795 1230 1839 Hedyle

606 1844 795 1877 Farnabius.
812 1864 852 1871 —
867 1845 965 1887 Quum
991 1844 1064 1876 dicis
1086 1855 1227 1887 propero,

607 1903 660 1925 ecc.
682 1893 828 1925 Omnino
843 1901 953 1925 autem
970 1892 1106 1936 Iledyle,
1126 1892 1230 1936 Hedy-

607 1943 665 1973 lam
689 1942 835 1974 fecerunt
855 1941 943 1975 haud
963 1941 1083 1979 dubie,
1100 1942 1156 1985 qui
1174 1941 1230 1972 fla-

607 1991 723 2033 gitium
741 1991 935 2022 imminuere
954 1991 1138 2022 voluerunt.
1160 1990 1231 2027 Sic,

608 2039 699 2082 quod
716 2041 748 2071 in
767 2051 876 2072 aurem
894 2040 953 2071 tibi
977 2039 1101 2071 dictum
1120 2040 1179 2078 sit,
1198 2039 1231 2070 in

607 2088 679 2120 cod.
701 2089 829 2120 Thuan.
855 2089 1054 2131 ubicumque
1076 2088 1233 2119 Martialis

608 2137 778 2180 scripserat
789 2149 899 2169 cunnus
907 2163 916 2175 ,
933 2136 1071 2181 pudicus
1080 2137 1232 2168 librarius

608 2185 727 2217 fecerat
745 2194 911 2218 monstrum.
932 2187 1000 2218 Nec
1020 2186 1233 2229 explicatione
1251 2205 1264 2215 .

609 2246 708 2278 opus;
728 2235 791 2267 hoc
804 2235 890 2267 enim
909 2242 1034 2267 tantum
1054 2234 1152 2274 dicit,
1172 2235 1232 2266 ista

610 2295 676 2314 non
695 2284 865 2327 imperari,
881 2296 940 2316 nec
951 2284 1065 2316 venire
1081 2282 1121 2315 ad
1136 2284 1235 2316 inter-

609 2331 743 2364 dictum.
764 2333 831 2364 Mei
854 2333 879 2364 si
903 2333 1029 2365 arbitrii
1051 2345 1103 2364 res
1121 2333 1181 2372 sit,
1200 2332 1233 2364 in

611 2381 729 2412 talibus
747 2382 985 2425 epigrammatis
996 2407 1005 2421 ,
1024 2393 1165 2425 quorum
1183 2393 1234 2413 res

609 2430 661 2461 vel
678 2431 811 2462 materia
829 2442 894 2462 non
916 2439 1022 2473 potest
1044 2431 1150 2473 tangi,
1172 2430 1233 2462 nisi

609 2477 751 2511 violetur
764 2478 891 2522 pudor,
910 2487 1035 2511 tantum
1054 2479 1160 2511 notari
1177 2491 1234 2510 ve-

609 2527 667 2559 lim
688 2538 761 2571 quae
785 2526 826 2560 ad
850 2527 1043 2560 latinitatem
1068 2535 1101 2560 et
1125 2527 1234 2560 erudi·

588 2573 733 2609 'tionem
759 2577 935 2619 pertinent.
962 2577 1072 2609 Veluti
1096 2576 1161 2609 hic.
1185 2595 1236 2601 —

610 2626 677 2658 Fac
701 2628 728 2657 si
740 2627 832 2667 facis.
855 2626 1007 2658 Formula
1031 2626 1177 2669 elegans,
1202 2633 1236 2658 et

610 2685 673 2706 vox
690 2674 897 2718 impatientiae
915 2674 1066 2708 adversus
1083 2676 1186 2707 lentos
1201 2675 1234 2707 in

611 2734 711 2766 opere
731 2734 949 2768 quocumque.
970 2724 1089 2757 seneca
1114 2723 1156 2755 de
1179 2724 1236 2756 be-

1281 1403 1424 1444 neficiis,
1437 1403 1495 1436 lib.
1507 1403 1559 1442 11,
1575 1414 1644 1447 cap.
1662 1402 1703 1436 5:
1721 1419 1736 1433 ι
1750 1402 1836 1436 Inde
1849 1403 1913 1437 illc

1281 1463 1376 1485 voces
1399 1463 1481 1496 quas
1504 1452 1664 1496 ingenuus
1685 1451 1782 1485 dolor
1802 1453 1914 1497 expri-

1281 1501 1341 1534 mit
1357 1512 1366 1533 :
1390 1501 1455 1533 Fac
1477 1501 1503 1534 si
1522 1500 1603 1545 quid
1622 1500 1721 1542 facin
1746 1509 1800 1542 et,
1818 1502 1913 1535 Nihil

1281 1558 1330 1582 est
1354 1550 1454 1590 tanti3
1477 1550 1564 1581 Male
1587 1550 1670 1582 mihi
1695 1551 1762 1594 jam
1789 1561 1913 1595 nege-3

1281 1599 1339 1631 uhi
1368 1599 1402 1631 in
1431 1597 1565 1631 tedium
1592 1597 1754 1631 adductus
1783 1599 1913 1632 animus

1281 1646 1399 1691 incipit
1411 1648 1608 1680 beneficium
1622 1647 1730 1680 odisse
1739 1671 1748 1688 ,
1761 1646 1847 1681 dum
1859 1660 1916 1681 ex-

1282 1703 1415 1740 spectat.
1436 1713 1449 1726 ι
1477 1696 1606 1730 Gronov.
1632 1716 1683 1723 -—
1698 1697 1830 1740 Hedyle.
1860 1697 1913 1730 Iu

1281 1744 1492 1778 scribendum
1511 1745 1596 1778 hene
1614 1745 1800 1779 docuerunt
1821 1745 1915 1779 Gru-

1282 1802 1371 1827 terus
1386 1802 1418 1827 et
1437 1794 1626 1828 Scriverius.
1643 1794 1700 1827 Est
1718 1794 1811 1828 enim
1827 1789 1916 1828 fitut-

1281 1848 1331 1881 λος
1340 1868 1350 1884 ,
1365 1855 1432 1887 quo
1442 1844 1576 1876 nomine
1587 1845 1685 1876 Poeta
1701 1844 1917 1888 epigramm:—

1284 1900 1353 1925 tum
1369 1894 1511 1936 scriptor
1522 1893 1572 1925 bis
1585 1892 1737 1925 laudatur
1751 1894 1794 1925 ab
1812 1893 1916 1926 Athe-

1284 1953 1365 1973 naeo.
1382 1941 1481 1985 Apud
1497 1942 1680 1973 Martialem
1693 1950 1741 1974 est
1753 1942 1866 1974 mollis
1879 1954 1918 1975 ec

1284 1991 1406 2033 pathici
1437 2002 1556 2022 nomen
1581 1991 1713 2030 fictum,
1738 1998 1775 2022 ut
1800 1991 1858 2023 hic
1884 1999 1918 2023 et

1284 2040 1341 2071 lib.
1351 2040 1399 2070 lx
1407 2064 1415 2079 ‚
1425 2040 1527 2083 epigr.
1538 2051 1618 2071 nvn.
1633 2040 1722 2071 Idem.
1730 2040 1915 2081 -Ιίρᾰγίε,

1285 2089 1404 2130 languet
1415 2089 1567 2121 Pmtinus.
1578 2089 1694 2133 Hedyle
1702 2114 1710 2127 ,
1726 2089 1778 2120 vel
1790 2089 1915 2126 AEdc'le,

1284 2136 1459 2179 legendum
1485 2138 1557 2169 vult
1583 2138 1620 2169 P.
1641 2138 1673 2169 S.
1699 2149 1764 2169 non
1789 2149 1859 2169 esse
1882 2149 1918 2169 se

1285 2185 1475 2229 stupidum,
1494 2187 1551 2229 qui
1572 2185 1612 2217 ad
1631 2187 1770 2218 Veneris
1792 2193 1917 2219 metam

1285 2234 1413 2267 blandis
1442 2234 1550 2266 verbis
1578 2235 1748 2278 instigetur
1762 2246 1771 2274 ;
1798 2247 1916 2267 verum

1287 2294 1407 2327 equum
1420 2283 1494 2316 satis
1507 2294 1565 2315 sua
1579 2292 1696 2327 sponte
1704 2292 1897 2316 currentem
1908 2309 1917 2323 ,

1286 2333 1347 2364 nisi
1357 2333 1920 2377 intempestiveinterpelletur-,Gru—

1286 2390 1372 2413 terus
1384 2406 1393 2420 ‚
1420 2381 1473 2413 hic
1501 2382 1775 2424 metamorphosin
1806 2393 1919 2426 quam-

1287 2430 1363 2463 dam
1395 2442 1427 2462 se
1461 2431 1618 2473 gloriatur
1646 2431 1793 2462 effecisse
1808 2454 1818 2469 ,
1846 2442 1916 2463 non

1287 2479 1435 2511 consulto
1455 2479 1620 2511 Mercurio
1639 2487 1693 2511 aut
1712 2480 1866 2518 Venere,
1885 2488 1919 2512 et

1288 2540 1326 2560 ex
1341 2529 1471 2560 foemina
1484 2529 1591 2560 virum
1608 2528 1792 2561 exhibuisse
1805 2529 1918 2568 nobis,

1287 2576 1344 2609 sed
1362 2576 1541 2617 cinaedum3
1560 2589 1635 2610 nam
1650 2578 1778 2609 AEdilus
1795 2589 1858 2621 pro
1873 2577 1917 2609 ci-

1288 2625 1382 2658 naedo
1396 2635 1542 2666 taxatur,
1556 2627 1615 2658 lib.
1634 2627 1695 2664 IV,
1713 2627 1818 2670 epigr.
1837 2637 1899 2658 ux.

1341 2676 1374 2708 3.
1399 2676 1536 2707 VelocIus
1549 2675 1596 2706 Ibo
1612 2683 1748 2707 retentus.
1764 2674 1916 2712 Ovidius,

1291 2726 1370 2757 Met.
1388 2726 1455 2756 111:
1472 2742 1484 2754 ι
1499 2724 1550 2757 Sic
1565 2736 1624 2767 ego
1639 2732 1819 2757 torrentem
1830 2747 1841 2760 ,
1854 2735 1914 2767 φη
