2447 3518
919 472 1649 487 mmmmm-mn*
1652 474 1706 487 m
1709 474 1877 488 mm

688 650 1060 725 M.VAL.
1108 650 1752 727 MARTIALIS

580 827 1858 934 EPIGRAMMA-TUM

1012 1037 1291 1100 LIBER
1327 1020 1419 1100 Ἰ]

746 1269 1109 1350 EPISTOLA
1146 1301 1243 1348 AD
1278 1299 1699 1350 LECTOREM.

564 1414 754 1489 Sumo
780 1455 846 1482 me
869 1438 1083 1482 secutum²
1111 1440 1153 1481 in
1178 1437 1321 1483 libellis
1342 1441 1442 1482 meis
1466 1440 1546 1483 tale
1570 1450 1868 1500 temperamen-

565 1518 672 1559 tum,
690 1515 735 1548 ut
749 1506 800 1547 de
815 1504 891 1548 illis
908 1506 1022 1589 queri
1041 1520 1124 1547 non
1141 1506 1290 1562 possit,
1306 1506 1486 1564 quisquis
1493 1497 1571 1548 ³de
1589 1522 1632 1549 se
1651 1507 1756 1549 bene
1773 1523 1869 1550 sen-

564 1573 680 1625 serit,
698 1586 823 1629 quum
849 1562 982 1612 salva⁴
1006 1569 1234 1612 infimarum
1259 1585 1420 1627 quoque
1441 1564 1728 1628 personarum⁵
1754 1588 1870 1616 reve-

564 1638 694 1680 rentia
720 1626 908 1689 ludant3⁶
931 1649 1020 1692 quae
1045 1635 1147 1677 adeo
1163 1635 1346 1707 antiquis
1368 1636 1623 1679 auctoribus⁷
1649 1637 1801 1692 defuit,
1823 1648 1872 1682 ut

565 1701 794 1746 nominibus
811 1716 894 1743 non
912 1708 1070 1742 tantum
1086 1700 1192 1742 veris
1204 1699 1319 1742 abusi
1338 1701 1438 1756 sint,
1450 1699 1521 1743 sed
1537 1702 1659 1744 etiam
1675 1696 1871 1761 magnisf

619 1831 648 1852 ι.
676 1818 850 1862 Inscriptio
876 1825 924 1850 est
947 1816 983 1849 in
1008 1815 1084 1849 edd.
1109 1824 1187 1850 vett.

1293 1817 1325 1850 5.
1340 1816 1452 1851 Codex
1462 1818 1642 1852 Vossianus
1652 1820 1787 1854 exhibet
1799 1834 1807 1853 :
1822 1823 1871 1854 in-

565 1868 612 1901 M.
632 1868 674 1900 V.
686 1867 838 1900 Martialis
855 1867 1101 1909 Epigrammaton
1116 1865 1190 1897 liber
1233 1865 1374 1908 fimat-um
1393 1879 1505 1911 quoque
1519 1869 1660 1910 gemitum.

562 1919 674 1961 primus
686 1929 698 1954 ;
721 1924 753 1947 et
777 1915 822 1947 sic
850 1915 917 1947 fere
944 1915 976 1947 in
1002 1913 1098 1946 codd.
1125 1914 1187 1946 nisi

567 1965 655 2009 quod
671 1966 873 2007 subjungunt
891 1964 988 1995 verba
999 1987 1008 2002 ,
1024 1965 1125 2006 incipit
1136 1965 1187 2004 se-

565 2015 667 2046 liciter.

618 2075 651 2094 2.
672 2061 864 2094 Calderinus
884 2060 962 2103 legit
985 2067 1187 2103 sequatur-um,

567 2108 918 2155 improbanteHeraldo
927 2121 934 2139 :
945 2116 1104 2140 secuturum
1111 2108 1186 2141 Ald.

563 2161 583 2192 J
587 2168 656 2192 unt.
674 2160 741 2191 alii.

617 2207 649 2240 3.
664 2209 813 2252 Quisquis,
822 2206 975 2249 Quisquis
987 2206 1108 2238 nullius
1116 2206 1185 2237 vitii

567 2266 620 2289 aut
634 2257 762 2289 sceleris
778 2256 839 2287 erit
851 2256 912 2287 sibi
925 2255 1071 2287 conscius
1081 2278 1090 2293 ,
1106 2255 1187 2286 nihil

566 2306 607 2338 ad
627 2317 659 2338 se
677 2305 841 2348 pertinere
863 2304 1098 2347 suspicabitur,
1116 2315 1187 2346 quae

565 2356 625 2386 sub
657 2354 845 2385 nominibus
875 2353 957 2385 fictis
988 2364 1046 2395 ego
1075 2364 1186 2395 repre·

564 2401 683 2436 hendo.

615 2456 645 2490 4.
658 2452 754 2493 Quum
766 2451 858 2482 salva.
871 2450 980 2489 Quum
990 2450 1122 2488 nullius,
1134 2450 1183 2480 vel

565 2502 685 2533 iufimae
702 2499 796 2531 sortis
809 2523 818 2538 ,
834 2499 976 2531 hominis
994 2499 1109 2531 famam
1123 2510 1183 2529 no-

564 2549 711 2581 minatim
728 2547 856 2580 laedant.
871 2548 924 2579 Sic
940 2548 995 2579 lib.
1014 2548 1060 2585 X,
1080 2547 1183 2590 epigr.

564 2608 686 2630 xuni:
703 2613 716 2625 ι
728 2597 825 2629 Hunc
841 2608 966 2628 servare
982 2595 1114 2627 modum
1129 2608 1184 2627 no-

563 2648 619 2679 stri
649 2657 770 2678 novere
796 2645 918 2684 libelli,
948 2646 1082 2677 Parcere
1109 2657 1183 2688 per·

562 2696 669 2734 sonis,
687 2693 794 2726 dicere
808 2694 850 2726 (le
866 2693 965 2726 vitiis.
989 2711 1001 2722 -

1292 1917 1325 1947 6.
1345 1916 1474 1947 Ludunt.
1502 1916 1631 1949 Ludere
1652 1916 1740 1960 apud
1757 1927 1871 1961 poetas

1242 1971 1289 1995 est
1316 1965 1497 2008 scriptitare
1524 1965 1664 2008 aliquid,
1688 1968 1870 2010 proesertim

1239 2013 1383 2055 joculare
1403 2025 1438 2044 ac
1458 2021 1641 2046 venustum.

1292 2073 1323 2103 7.
1357 2062 1498 2106 Antiqui:
1530 2063 1704 2095 auctoribus.
1739 2065 1869 2096 Lucilio

1240 2111 1869 2156 nempe,Catullo,Metrodoroscepsio,

1242 2157 1397 2191 Ortacilio
1419 2166 1451 2191 et
1476 2160 1555 2192 aliis.
1581 2160 1728 2200 Persius,
1748 2170 1808 2194 sat.
1831 2164 1866 2194 1:

1247 2223 1259 2234 ι
1277 2206 1388 2239 Secuit
1405 2209 1552 2240 Lucilius
1572 2210 1682 2240 urbem
1695 2234 1703 2245 .
1720 2211 1784 2250 Te,
1800 2211 1868 2243 Lu·

1241 2267 1303 2298 pe,
1325 2264 1374 2295 te,
1396 2257 1500 2293 Muti,
1519 2265 1550 2289 et
1570 2259 1751 2300 genuinum
1771 2259 1867 2303 fregit

1242 2304 1275 2336 in
1303 2304 1373 2337 illis.
1396 2322 1409 2334 ι
1442 2307 1585 2346 Plinius,
1610 2307 1665 2338 lib.
1691 2308 1841 2340 XXXVI
1857 2333 1867 2348 ,

1240 2364 1310 2396 cap.
1325 2356 1344 2385 6
1361 2365 1368 2385 :
1385 2370 1397 2382 ιι
1418 2355 1478 2386 Hic
1486 2366 1626 2398 namque
1640 2364 1687 2387 est
1697 2356 1867 2389 Mamurra

1240 2402 1359 2434 Catulli
1370 2403 1567 2435 Veronensis
1579 2404 1775 2437 carminibus
1788 2417 1867 2448 pro-

1237 2461 1364 2483 scissus.
1386 2467 1399 2479 ι

1289 2501 1320 2532 8.
1338 2500 1399 2532 Sed
1411 2503 1497 2532 ctiam
1515 2503 1638 2543 magnis.
1661 2502 1867 2546 Principum,

1238 2548 1376 2588 scilicet,
1393 2557 1425 2580 et
1441 2549 1598 2581 nobilium
1617 2550 1763 2582 virorum
1781 2564 1865 2595 quos

1239 2596 1271 2627 in
1289 2598 1419 2629 famosis
1441 2598 1505 2629 suis
1534 2598 1625 2630 libris
1649 2600 1865 2632 nominabant

1237 2646 1363 2689 antiqui
1378 2655 1591 2689 poetae;quos
1607 2647 1741 2689 quidem
1752 2672 1759 2685 ,
1778 2649 1864 2691 jocis

1237 2694 1405 2727 abutentes
1412 2696 1517 2738 potius
1528 2707 1627 2738 quam
1636 2704 1764 2729 utentes
1772 2721 1781 2736 ,
1792 2710 1861 2729 non
