2447 3518
646 2002 794 2041 Pmu
817 1998 1007 2040 laboratis
1029 1999 1180 2040 habeas
1202 2013 1327 2055 quum
1349 1999 1494 2040 scrinia
1517 1998 1648 2049 libris,

711 2065 873 2106 Emittis
899 2079 1046 2121 quare,
1068 2064 1299 2114 Sosibiune,
1324 2062 1448 2104 nihil?

644 2130 778 2172 Edent
801 2129 1000 2182 haeredes,
1024 2130 1176 2186 inquis,
1201 2144 1290 2170 mea
1312 2130 1491 2170 carmina
1512 2144 1520 2169 :
1545 2129 1741 2185 quando?

709 2198 886 2252 Tempus
915 2204 1002 2236 erat
1023 2195 1106 2251 jam
1135 2204 1196 2246 te,
1218 2195 1447 2244 Sosibiane,
1475 2193 1565 2251 legi.

630 2310 642 2324 '
652 2315 688 2345 In
697 2313 759 2345 hoc
769 2313 997 2356 epigrammate
1009 2313 1106 2346 etiam
1118 2313 1205 2344 nulia

579 2371 626 2394 est
640 2362 787 2394 lectionis
806 2362 951 2394 varietas.

634 2423 662 2443 1.
677 2411 802 2443 Scrinia.
819 2411 896 2443 Vid.
914 2412 969 2442 lib.
980 2412 996 2442 Ι
1007 2434 1016 2449 ,
1031 2411 1132 2454 epigr.
1150 2422 1183 2442 iv
1193 2435 1202 2450 ,

580 2472 676 2492 versu
700 2472 732 2492 2.

632 2521 662 2541 τι.
691 2510 822 2541 Emittis.
850 2510 918 2542 Cur
944 2517 997 2541 tua
1025 2508 1076 2540 ina
1105 2520 1203 2552 opera

579 2570 646 2590 non
673 2559 707 2590 iu
728 2559 833 2590 lucem
856 2557 947 2597 edis,
973 2566 1010 2590 ut
1035 2559 1128 2590 vivus
1150 2565 1202 2589 tua

578 2606 675 2639 laude
694 2608 838 2639 fruaris?

630 2661 662 2695 4.
670 2658 793 2700 Tempus
799 2665 873 2688 erat.
881 2655 1085 2688 Sosibianum
1094 2667 1205 2699 quem-

579 2704 654 2738 dam
675 2704 790 2738 irridet
811 2707 909 2738 Poeta
932 2717 940 2737 :
967 2704 1096 2738 videtur
1114 2705 1203 2738 enim

1260 2312 1366 2355 ipsum
1377 2312 1521 2350 hortari,
1534 2319 1571 2343 ut
1587 2310 1661 2342 edat
1672 2323 1750 2344 suos
1767 2312 1889 2350 libros;

1258 2361 1314 2393 sed
1329 2373 1431 2404 quum
1442 2361 1523 2393 nolit
1533 2360 1725 2393 Sosibianus
1739 2361 1816 2404 legi,
1831 2362 1889 2393 nisi

1258 2419 1331 2453 post
1344 2422 1433 2442 suam
1448 2417 1604 2448 mortem,
1616 2410 1773 2453 intelligit
1794 2411 1888 2442 Poeta

1255 2461 1322 2503 jam
1340 2460 1422 2491 mori
1441 2459 1531 2491 inum
1552 2458 1702 2490 debuisse
1718 2483 1727 2498 ‚
1744 2472 1814 2503 quo
1831 2460 1888 2503 legi

1258 2516 1390 2552 possent
1406 2510 1473 2550 ejus
1491 2508 1577 2540 libri.
1592 2507 1755 2554 Heni-dus
1776 2510 1823 2541 sic
1836 2521 1889 2541 ex-

1258 2557 1356 2601 plicat
1370 2568 1378 2589 :
1398 2558 1545 2601 Tempus
1561 2565 1628 2588 erat
1645 2556 1823 2590 decessisse
1838 2564 1868 2590 te
1879 2581 1890 2598 ‚

1258 2615 1291 2639 et
1308 2619 1377 2639 ossa
1398 2615 1453 2639 tua
1471 2617 1537 2639 esse
1556 2606 1638 2638 lecta
1660 2614 1735 2648 post
1753 2619 1891 2639 concre-

1257 2656 1536 2688 mationemmain
1553 2654 1594 2687 ad
1611 2655 1801 2699 ossilegium
1814 2669 1890 2700 pro·

1258 2705 1343 2738 fecto
1359 2704 1488 2738 videtur
1505 2703 1658 2736 alludere.
