2447 3518
561 398 691 429 χχιιι
780 383 1216 428 DISSERTATIO
1248 384 1332 427 DE
1364 383 1653 427 INGENIO

1154 499 1360 511 .........
1366 481 1457 522 quot
1471 467 1614 522 inquis?

805 535 940 571 Oceani
953 533 1085 571 fluctus
1099 546 1158 570 me
1173 546 1362 571 numerare
1372 533 1479 581 jubes
1489 558 1501 576 ‚

756 596 801 630 Bt
817 593 924 630 maris
940 594 1050 641 AEgaei
1067 605 1207 641 sparsas
1224 606 1290 642 per
1308 594 1413 630 litora
1429 592 1603 638 coneha,

805 656 849 689 Et
865 664 945 701 qun
955 653 1131 701 Cecropio
1147 651 1268 690 monte
1285 661 1460 701 vagantur
1474 663 1580 700 apes,
1649 695 1657 701 ,

755 715 915 761 Quaeque
930 719 1059 749 sonant
1070 712 1178 761 pleno
1192 724 1369 761 vocesque
1384 724 1580 761 manusque
1597 711 1738 749 theatro

808 775 930 818 Quum
946 772 1102 821 populus
1119 771 1227 809 subiti
1244 773 1391 810 Caesaris
1411 783 1476 809 ora
1495 771 1606 812 videt.
1616 781 1626 799 ¹
1723 763 1728 769 ’

567 877 772 919 Noveram
797 874 953 918 dudum
976 870 1039 930 (et
1065 874 1216 918 multos
1236 890 1332 919 reor
1355 874 1540 918 didicisse
1557 888 1581 916 e
1598 870 1872 917 florentissimi

568 950 800 999 temporum
829 949 1061 983 nostrorum
1095 941 1305 999 scriptoris
1331 940 1565 983 Christiano
1587 935 1799 998 poemate)
1813 948 1872 981 te·

570 1006 806 1048 trastichum
825 1005 865 1048 id
882 1005 946 1047 vel
966 1006 1102 1064 potius
1120 1005 1390 1049 octostichum
1410 1020 1433 1048 e
1454 1003 1670 1063 pervigilio
1679 1005 1874 1059 Veneris,

567 1086 694 1130 quum
721 1070 773 1114 de
795 1072 948 1114 Amore
969 1071 1093 1114 Nudo
1120 1080 1336 1114 narratur:

904 1180 1030 1214 Jussus
1042 1184 1095 1213 est
1114 1176 1259 1214 inermis
1271 1176 1342 1221 ire,

955 1236 1084 1272 Nudus
1097 1236 1150 1272 ire
1158 1235 1278 1284 jussus
1291 1243 1344 1272 est
1353 1262 1364 1280 ,

909 1299 986 1332 Neu
1005 1295 1092 1344 quid
1113 1307 1219 1340 arcu,
1237 1308 1308 1332 neu
1324 1295 1481 1343 sagittis,

958 1358 1038 1392 Neu
1054 1355 1141 1403 quid
1155 1355 1237 1403 igne
1249 1355 1408 1392 laederet.
1423 1381 1434 1390 .
1448 1381 1457 1389 .

907 1414 978 1452 Sed
997 1423 1133 1460 tanen,
1152 1415 1347 1464 Nymphae,
1366 1423 1489 1450 cavete

955 1474 1063 1519 Quod
1083 1474 1225 1523 Cupido
1242 1475 1394 1524 pulcher
1411 1483 1466 1512 est
1482 1477 1490 1509 !

907 1536 968 1569 Est
982 1533 1020 1569 in
1032 1534 1141 1571 armis
1156 1541 1251 1571 totus
1266 1534 1361 1571 idem
1373 1559 1385 1579 ,

955 1592 1112 1638 Quando
1130 1592 1249 1630 nudus
1266 1600 1320 1630 est
1335 1596 1457 1631 Amor.

568 1698 697 1740 Porro
719 1696 1009 1755 lepidissimum
1037 1697 1118 1740 hoc
1139 1697 1412 1756 epiphonema
1431 1697 1487 1741 nil
1513 1697 1622 1741 aliud
1646 1709 1724 1751 est,
1751 1716 1876 1759 quam

569 1763 741 1806 imitatio
764 1761 961 1805 Martialis
988 1763 1314 1805 venustissimum
1342 1778 1514 1821 puerum
1542 1764 1599 1808 sic
1625 1767 1829 1809 canentis:

665 1868 948 1918 Spendophorus
961 1868 1115 1916 Libycas
1128 1868 1264 1905 domini
1279 1868 1369 1917 petit
1387 1869 1539 1917 armiger
1554 1870 1678 1915 urbes;

761 1931 850 1972 Quae
866 1939 981 1975 puero
996 1927 1107 1963 dones
1121 1928 1210 1972 tela,
1226 1928 1367 1977 Cupido
1377 1955 1388 1974 ,
1404 1941 1501 1977 para.

665 1987 827 2022 Loricam
843 1986 1078 2035 clypeumque
1095 1985 1160 2022 tibi
1172 1987 1378 2035 galeamque
1393 1987 1535 2023 remitto
1549 2001 1560 2031 ;

764 2047 880 2082 Tutus
896 2053 937 2081 ut
952 2044 1097 2082 invadat
1113 2046 1253 2093 praelia,
1270 2045 1387 2082 nudus
1403 2054 1470 2082 eat.
1489 2052 1502 2070 ’

570 2152 680 2194 Num
704 2149 855 2207 aliquid
877 2150 920 2191 in
942 2158 1030 2192 toto
1042 2151 1318 2204 Anacreonte,
1332 2166 1431 2193 num
1451 2152 1492 2193 in
1510 2151 1694 2205 Catullo,
1715 2168 1813 2195 num
1836 2156 1879 2196 in

572 2218 755 2268 Nasone,
773 2213 960 2268 Tibullo,
985 2215 1197 2273 Propertio
1222 2225 1293 2258 aut
1314 2217 1488 2259 Eroticis
1513 2217 1759 2259 nostratibus
1786 2234 1880 2261 sua-

571 2282 661 2323 vius
682 2281 860 2339 reperire
883 2288 965 2332 est,
991 2295 1113 2338 quam
1135 2280 1177 2323 id
1198 2281 1462 2324 tetrastichon
1486 2281 1538 2324 de
1565 2283 1775 2325 Leandro:

715 2390 834 2431 Quum
852 2393 989 2434 peteret
1005 2385 1128 2422 dulces
1143 2386 1260 2422 audax
1277 2387 1461 2429 Leandrus
1478 2400 1616 2424 amores

813 2449 857 2482 Et
876 2447 989 2482 fessus
1005 2445 1151 2481 tumidis
1165 2446 1238 2494 jam
1258 2456 1480 2494 premeretur
1498 2449 1615 2495 aquis,

624 2576 653 2596 ι.
665 2565 737 2596 Lib.
753 2564 819 2603 VI,
834 2564 937 2607 epigr.
952 2575 1060 2603 xxxtv,
1074 2576 1120 2596 vs.
1140 2575 1153 2596 ι
1172 2575 1242 2607 sqq.

622 2624 651 2645 2.
666 2613 739 2645 Lib.
754 2611 863 2656 Spect.
881 2612 988 2644 XXV.
