2447 3518
565 528 672 557 xxvi
780 514 1214 558 DISSERTATIO
1246 516 1331 558 DE
1363 515 1646 558 INGENIO

564 595 795 638 testimonia
809 603 993 638 veterum
1012 604 1056 651 et
1070 592 1375 650 recentiorum.)
1392 596 1448 638 At
1466 610 1543 638 nos
1564 595 1696 638 utrius
1717 596 1759 637 in
1776 610 1867 638 sen-

564 660 732 703 tentiam
765 660 943 704 ibimus?
969 659 1155 715 llliusne,
1185 662 1251 704 cui
1278 659 1449 704 Bilbilici
1479 661 1619 703 omnia
1652 669 1724 703 aut
1756 668 1868 704 certe

564 724 756 783 pleraque
781 724 915 784 placet
932 758 943 780 ,

759 833 968 869 «Nocturna
984 844 1127 869 versare
1139 844 1263 878 manu,
1285 844 1426 869 versare
1442 831 1612 878 diurna,»
1622 839 1633 855 ¹

564 949 618 977 an
642 932 747 977 illius
775 935 847 993 qui
876 933 976 978 nihil
1007 934 1134 978 femie
1160 951 1203 979 se
1237 935 1415 994 reperire
1449 933 1628 977 affirmat
1657 934 1699 976 in
1723 932 1868 979 libellis

564 998 795 1057 quindecim
822 999 901 1043 nisi
931 1000 1066 1058 inepte
1088 1009 1130 1043 et
1155 1000 1353 1043 inurbane
1372 999 1505 1054 dicta,
1527 999 1666 1043 sordes
1686 1008 1728 1042 et
1754 999 1868 1045 faee-

565 1065 639 1106 tias
663 1063 871 1107 inficetas?
893 1066 1121 1123 Antequam
1146 1064 1197 1108 de
1219 1065 1283 1108 his
1305 1073 1528 1108 statuamus
1543 1098 1556 1119 ,
1581 1064 1701 1108 liceat
1726 1079 1869 1108 causas

564 1131 720 1187 aperire
739 1145 830 1188 quae
844 1129 1067 1173 istiusmodi
1086 1131 1331 1173 Aristarchis
1352 1123 1606 1173 stomachum
1626 1139 1795 1173 movent
1818 1145 1866 1173 ac

564 1193 780 1237 fastidium.

630 1262 828 1302 Juvenem
851 1259 1024 1319 aliquem
1047 1260 1121 1303 tihi
1145 1260 1254 1319 finge
1279 1275 1328 1303 ex
1348 1258 1543 1319 oppidulo
1568 1258 1773 1318 quolibet,
1794 1268 1868 1302 aut

565 1323 722 1379 villula,
739 1326 811 1368 ubi
828 1326 1098 1369 Parisinarum
1115 1340 1251 1368 rerum
1273 1326 1397 1368 nescii
1417 1326 1516 1380 sint,
1528 1326 1730 1368 Lutetiam
1745 1325 1869 1368 modo

565 1389 776 1433 advenisse
787 1423 800 1444 ,
819 1400 861 1433 et
881 1392 1062 1449 ingresso
1080 1391 1186 1433 forte
1202 1390 1366 1433 fortuna
1384 1389 1699 1449 thermopolium
1718 1405 1741 1433 e
1757 1391 1870 1432 varia

564 1457 835 1514 τετραπτύχων
851 1450 1082 1514 ἐφημερίδων
1100 1456 1289 1514 congerie
1305 1470 1374 1498 eas
1392 1455 1647 1514 potissimum
1666 1454 1755 1497 dari
1773 1455 1869 1513 qui-

565 1519 641 1562 bus
659 1520 813 1562 ludicra
824 1529 984 1563 tantum
999 1529 1041 1564 et
1051 1522 1264 1579 nugatoria
1277 1553 1289 1575 ,
1306 1519 1452 1575 literae,
1469 1528 1596 1573 artes,
1616 1518 1844 1579 spectacula
1856 1552 1869 1572 ‚

565 1600 699 1628 mores
715 1594 757 1628 et
778 1584 912 1628 cultus
930 1585 1181 1629 lacessuntur
1191 1618 1202 1639 ,
1221 1594 1267 1628 ut
1282 1600 1373 1643 quae
1389 1587 1634 1628 Doemonem
1657 1583 1868 1628 'claudum

567 1664 675 1705 sese,
706 1659 779 1693 aut
804 1653 1023 1705 Pit-atam,
1039 1642 1055 1667 ³
1079 1659 1151 1693 aut
1167 1642 1441 1694 Pandoram⁴
1464 1648 1658 1708 appellari
1690 1649 1864 1693 voluere.

566 1716 762 1757 Omnium
793 1725 903 1759 certe
935 1717 1151 1775 scriptores
1183 1715 1371 1759 acumina
1395 1723 1437 1759 et
1460 1715 1575 1773 jocos
1591 1747 1602 1766 ‚
1628 1714 1869 1773 elegantiam

565 1788 607 1822 et
629 1779 731 1824 sales
759 1779 978 1839 aliquando
1004 1781 1236 1835 inveniunt,
1262 1789 1506 1840 perpetuum
1537 1788 1758 1835 venantur;
1775 1795 1868 1822 om·-

565 1846 677 1888 nium
704 1846 922 1904 scriptores

717 1961 917 2002 ...captant
937 1954 1028 1990 risus
1044 1954 1225 1991 hominum
1245 1955 1444 2002 famamque
1464 1951 1634 1997 dicacis;⁵

565 2056 661 2115 quid
682 2059 724 2100 in
746 2072 868 2101 causa
891 2067 1028 2101 tamen
1052 2067 1114 2102 est
1135 2073 1210 2101 cur
1226 2056 1553 2101 adolescentulus
1575 2065 1727 2110 noster,
1745 2072 1869 2114 quein

565 2121 796 2166 illiteratum
808 2139 891 2166 non
906 2124 1089 2177 dicimus,
1103 2122 1202 2166 dum
1219 2122 1337 2182 legit,
1351 2122 1495 2181 relegit
1504 2154 1516 2174 ,
1533 2121 1725 2181 perlegit,
1739 2136 1871 2180 neque

567 2187 717 2242 rideat,
734 2203 866 2247 neque
888 2187 970 2232 ullo
988 2187 1111 2231 modo
1133 2197 1180 2231 ut
1198 2187 1330 2246 lepide
1353 2188 1379 2229 ii
1396 2187 1652 2240 cavillentur,
1667 2195 1714 2229 ut
1728 2185 1871 2230 callide

566 2252 795 2308 adulentur,
811 2262 859 2296 ut
876 2252 1090 2297 commode
1104 2255 1147 2296 in
1168 2253 1359 2312 ambigua
1377 2267 1479 2295 voce
1492 2251 1738 2310 joculentur,
1758 2266 1869 2295 asse-

566 2319 635 2375 qui
652 2318 808 2377 possit?

630 2384 694 2426 En
728 2384 912 2442 opusculi
948 2386 1162 2442 anonymi,
1195 2384 1306 2426 verbi
1343 2384 1472 2442 gratia
1485 2415 1496 2435 ,
1527 2381 1650 2425 editio
1680 2382 1869 2440 princeps

617 2525 648 2547 1.
667 2513 744 2548 Huc
763 2513 832 2547 fere
847 2513 960 2547 Hom.
982 2515 1050 2546 Art.
1072 2513 1163 2546 Poet.
1183 2524 1231 2544 vs.
1253 2514 1319 2554 269
1332 2534 1342 2550 ,
1359 2510 1416 2544 sed
1429 2522 1489 2554 pro
1501 2522 1636 2549 versare,
1655 2510 1724 2554 ipse
1744 2510 1872 2554 scripsit

564 2571 713 2645 ’Ὓῖ
729 2611 838 2643 „aba
855 2612 978 2643 bouem.

617 2661 650 2693 3.
671 2662 713 2694 Le
729 2660 875 2694 Canale-0.

618 2715 650 2749 4.
668 2711 713 2742 La
731 2709 878 2743 Pandore.

620 2759 651 2792 5.
665 2758 778 2792 Hom.
792 2766 850 2791 sat.
861 2759 902 2798 1,
922 2762 940 2797 4
951 2781 960 2796 ,
971 2769 1016 2790 vs.
1036 2758 1098 2798 835
1115 2764 1216 2800 captat
1226 2782 1235 2795 ,
1254 2768 1322 2790 non
1336 2763 1458 2799 captant
1467 2781 1475 2795 ,
1490 2763 1538 2788 eut
1553 2755 1587 2787 in
1601 2762 1702 2787 textu.
