2447 3518
567 503 597 530 x
990 489 1072 529 AD
1108 489 1444 531 LECTORES

567 568 760 610 fatentem
786 583 922 621 reum,
942 569 1030 611 haec
1052 570 1248 627 AEgyptus
1270 571 1390 611 noxia
1418 568 1565 619 multa,
1588 577 1629 610 ct
1655 567 1781 610 multa
1807 584 1868 610 sa-

566 631 698 675 lubria
720 631 865 676 cultori
893 634 1184 677 medicamenta
1197 651 1210 687 3
1223 634 1233 649 ¹
1264 635 1385 676 habet
1413 634 1500 676 haec
1526 634 1658 676 Attica
1671 666 1683 686 ,
1714 642 1759 675 ut
1789 633 1867 676 mel

567 698 787 756 optimum,
813 699 869 741 ita
895 700 1071 742 cicutam
1096 698 1285 752 letalem;
1310 709 1351 742 et
1378 700 1418 741 in
1451 713 1615 741 amoeno
1643 698 1723 741 hoc
1749 707 1869 756 prato

567 763 706 805 urticis
726 778 831 821 saepe
849 763 986 816 violae,
1005 766 1131 823 spinis
1153 779 1255 808 rosae
1278 765 1616 807 internaseuntur.
1632 765 1719 805 Vos
1740 778 1864 820 apum

565 842 680 870 more
704 829 840 870 omnia
861 826 1048 883 lustrate,
1070 831 1222 887 optima
1247 829 1377 872 libate.
1404 831 1546 886 Neque
1568 829 1698 881 enim,
1724 828 1756 870 si
1779 829 1869 886 quis

566 893 728 951 ingenio
750 892 860 936 bono
881 893 987 936 male
1012 903 1168 948 utatur,
1183 894 1360 952 velitque
1383 909 1456 953 per
1478 895 1751 936 curiositatem
1781 908 1867 935 esse

565 958 774 1016 ingeniose
794 973 992 1017 nequam,
1008 958 1170 1017 culpam
1196 962 1237 1002 in
1255 959 1377 1002 alium
1400 973 1521 1018 quam
1546 960 1586 1000 in
1607 973 1650 1000 se
1672 957 1867 1000 conferat.

567 1023 752 1065 Laudato
778 1037 874 1066 sane
895 1024 1062 1083 utilique
1088 1024 1273 1083 exemplo
1299 1026 1497 1082 castigant
1523 1023 1643 1065 hodie
1666 1031 1867 1065 castrant-

505 1101 508 1106 ’
565 1101 645 1145 que
679 1090 892 1146 nequiorae
924 1091 1087 1140 Poenis,
1113 1091 1172 1131 uti
1204 1099 1246 1132 et
1277 1090 1385 1132 hunc
1413 1089 1607 1131 Nostrum
1644 1088 1702 1129 M.
1736 1087 1869 1129 Rade-

565 1166 667 1206 rus;
697 1153 806 1212 quod
839 1163 882 1196 et
915 1155 1013 1197 mihi
1050 1155 1091 1196 in
1128 1156 1265 1198 animo
1297 1164 1395 1197 erat.
1417 1156 1595 1206 Verum,
1620 1153 1792 1211 partim,
1818 1167 1871 1194 ne

564 1231 757 1277 arguerer
777 1218 978 1272 difficilia,
1000 1228 1042 1262 et
1061 1234 1150 1277 quae
1176 1220 1296 1263 Delio
1313 1219 1448 1277 aliquo
1474 1227 1659 1261 notator-e
1679 1232 1727 1259 ac
1746 1217 1868 1259 inter-

566 1291 680 1340 prete
703 1285 774 1341 qui
800 1284 1011 1343 sphingem
1035 1286 1237 1342 acceperit
1254 1300 1358 1343 opus
1377 1284 1552 1334 habent,
1573 1284 1648 1326 sub
1670 1290 1867 1340 praetextu

565 1347 839 1392 obscoenitatis
858 1351 1059 1403 omisisse3
1081 1351 1248 1407 partim,
1273 1351 1500 1392 amicorum
1524 1348 1565 1389 id
1591 1348 1643 1390 ad
1665 1362 1732 1389 me
1756 1346 1869 1389 effla-

567 1413 779 1472 gitantium
799 1414 986 1471 precibus
1003 1416 1156 1467 victus,
1171 1416 1337 1457 Poetam
1361 1411 1587 1471 integrum,²
1612 1412 1729 1455 edidi.
1751 1412 1867 1465 Quo—

566 1479 675 1520 niam
706 1488 841 1521 autem
867 1489 1054 1532 castum,
1084 1479 1210 1537 ipsius
1236 1471 1407 1522 Catulli³
1433 1479 1610 1535 judicio,
1637 1492 1728 1519 esse
1753 1477 1871 1519 decet

557 1547 678 1601 pium
711 1545 912 1598 Poetam,
943 1546 1203 1603 interpretem
1235 1544 1363 1586 multo
1401 1544 1528 1601 magis
1562 1557 1648 1584 esse
1681 1550 1870 1599 oportere

563 1608 763 1666 judicavi,
797 1624 928 1667 neque
959 1609 1094 1652 oleum
1126 1609 1298 1652 flammae
1330 1608 1500 1659 addere,
1535 1621 1667 1664 neque
1695 1608 1871 1649 Veneris

567 1674 738 1727 urticas,
760 1676 849 1716 οὔτε
871 1674 941 1723 τὰς
963 1677 1004 1717 ἐκ
1029 1680 1104 1717 τῶν
1130 1671 1282 1725 βιὸλίων
1305 1674 1465 1721 ἀκάνθας
1492 1674 1675 1730 ἐκλέγειν,
1698 1671 1796 1712 ἀλλὰ
1820 1671 1870 1712 τὰ

567 1741 841 1796 χρησιμώτατα
868 1739 931 1780 καὶ
957 1741 1071 1787 ἀκοῆς
1100 1733 1232 1793 &itast
1257 1738 1441 1783 consulte
1474 1739 1766 1796 epigrammata
1797 1736 1868 1778 ob-

565 1805 764 1846 scoeniora
787 1803 945 1847 silentio
968 1796 1251 1862 praetervexi‚⁵
1273 1820 1363 1862 quoe
1384 1802 1506 1845 alium
1529 1802 1638 1844 malo
1658 1815 1779 1858 quam
1806 1816 1870 1843 me

564 1867 795 1925 explicare,
825 1868 949 1911 alium
986 1869 1208 1927 intelligere
1237 1886 1245 1910 :
1277 1884 1451 1926 quorum
1484 1868 1645 1926 quidem
1679 1865 1869 1908 lemmata

562 1932 681 1975 obelo
700 1935 741 1975 in
760 1935 895 1992 priore
914 1934 1089 1977 editione
1109 1933 1311 1981 transfixi,
1330 1949 1412 1991 quo
1431 1933 1535 1974 vada
1553 1933 1638 1974 liaec
1658 1946 1870 1988 caecosque

565 1998 752 2056 scopulos
767 2001 923 2042 cautius
942 1999 1160 2042 declinaret
1179 1999 1323 2049 lector;
1338 2013 1421 2040 non
1440 1998 1613 2055 digitum
1630 1996 1681 2038 ad
1700 1996 1870 2053 lupanar

566 2063 739 2117 intendi,
756 2079 836 2122 qua
860 2079 926 2106 me
951 2064 1150 2107 calumnia
1182 2065 1222 2105 in
1246 2062 1397 2106 circulo
1421 2078 1495 2104 suo
1521 2061 1712 2104 Graeculo
1732 2061 1870 2103 nescio

622 2205 651 2227 x.
676 2195 830 2238 AEgyptus
843 2218 853 2232 ‚
880 2200 943 2227 etc.
964 2192 1043 2225 Vid.
1062 2192 1191 2224 Plutar·
1245 2190 1344 2223 modo
1362 2191 1409 2223 ibi
1425 2190 1648 2222 conditionem
1668 2196 1811 2222 nostram
1837 2189 1871 2221 in

568 2244 649 2276 chus
661 2242 704 2276 de
718 2241 898 2276 Audieudis
915 2242 1024 2275 Poetis
1035 2253 1076 2273 ex
1092 2241 1189 2273 Hom.
1246 2248 1312 2272 tam
1324 2240 1452 2272 lubrico
1461 2248 1494 2271 et
1501 2237 1631 2271 difficili
1644 2245 1811 2269 momento
1819 2249 1873 2269 ex·

569 2292 636 2325 Od.
657 2297 691 2325 Δ.
1246 2288 1461 2332 posuerimus.
1472 2288 1547 2319 Non
1562 2287 1621 2319 alia
1633 2286 1727 2317 estin
1742 2285 1872 2317 edendo

620 2353 651 2374 ι.
668 2341 715 2374 Ita
728 2348 761 2374 et
773 2352 850 2379 nos,
866 2341 1013 2383 quamvis
1027 2338 1085 2371 diu
1102 2338 1191 2370 relu·
1246 2337 1395 2370 Martiale
1406 2338 1550 2379 integro,
1563 2346 1659 2379 quam
1668 2334 1702 2366 in
1712 2334 1872 2367 Juvenale

569 2398 692 2423 cuntes
712 2397 745 2422 et
764 2389 859 2421 inviti
877 2388 1017 2431 plurima
1037 2387 1192 2420 nefanda·
1247 2387 1341 2429 eulpa
1357 2398 1365 2418 :
1379 2397 1447 2418 non
1464 2384 1524 2417 alia
1537 2385 1600 2416 erit
1618 2384 1795 2416 excusatio.
1808 2384 1871 2416 En.

569 2452 644 2472 rum
663 2439 841 2483 imaginum
864 2445 1008 2469 monstra
1031 2436 1193 2480 interpre-
1297 2435 1330 2467 3.
1349 2434 1464 2467 Catum
1475 2459 1483 2472 ,
1504 2441 1567 2466 etc.
1583 2433 1693 2476 Epigr.
1710 2444 1779 2465 xvi.

570 2489 631 2521 tari
647 2486 874 2520 horruerimus
888 2497 896 2518 ι
911 2484 967 2518 sed
982 2487 1048 2528 jam
1065 2486 1099 2516 iu
1116 2496 1194 2528 prae-
1298 2488 1330 2522 4.
1347 2483 1427 2516 Οὔτε
1438 2482 1494 2519 τὰς
1504 2483 1538 2514 ἐκ
1553 2486 1693 2524 τῶν,εῑο.
1712 2481 1873 2525 Ulpianus

571 2537 692 2570 satione
705 2537 808 2569 nom-i
823 2534 1004 2574 luvenalis,
1018 2545 1091 2577 pag.
1108 2545 1143 2566 xx
1161 2541 1194 2566 et
1248 2531 1335 2576 apud
1349 2531 1559 2570 Athennum,
1575 2530 1633 2563 lib.
1654 2530 1729 2569 XV,
1746 2542 1817 2573 cap.
1840 2530 1871 2562 3.

570 2598 636 2631 seq.
671 2586 795 2618 crimen
832 2583 897 2617 hoc
936 2583 1074 2616 confessi
1117 2593 1193 2615 curn
1299 2581 1330 2613 ⁵.
1356 2580 1479 2613 Silentia
1508 2583 1681 2623 praeter-vexi
1691 2604 1699 2617 ,
1728 2586 1789 2610 cte.
1819 2583 1871 2621 Τῷ

570 2634 704 2678 optimis
715 2632 896 2666 editoribus
905 2643 1077 2664 commuue
1090 2642 1195 2664 susce-
1251 2632 1464 2663 ἀποσιωπῆσαι
1489 2627 1579 2666 δῆλος
1613 2630 1761 2672 γινόμενος
1797 2625 1872 2659 δυσ-

573 2685 689 2727 ρὶιιιυι.
702 2681 837 2722 Videas,
855 2682 882 2714 si
898 2681 992 2713 nobis
1005 2692 1073 2713 non
1085 2679 1196 2713 defen·
1248 2679 1388 2722 χιραίνυν
1420 2683 1464 2721 τῷ
1488 2679 1577 2721 λέγω...
1605 2676 1710 2720 Epict.
1738 2676 1861 2707 Enchir

571 2731 722 2765 dentibus
743 2732 908 2774 ignmere
934 2730 1093 2768 volueris„
1114 2741 1194 2773 quu-
1250 2740 1319 2772 cap.
1351 2728 1407 2760 55.
