2447 3518
583 483 644 512 cn
860 470 945 511 DE
978 470 1224 514 METRIS
1257 473 1628 515 MARTIALIS.

582 551 660 592 Sed
683 559 776 607 post
795 565 1002 609 egressum
1026 552 1238 596 redeamus
1259 553 1312 594 ad
1333 553 1536 596 Iambicos
1560 562 1744 607 nostros,
1771 554 1894 597 dime-

583 625 692 657 trum
717 630 864 674 nempe
889 625 930 658 et
954 617 1196 660 trimetrum.
1224 618 1411 660 Diximus
1438 617 1562 661 modo
1587 617 1778 677 subjungi
1805 621 1891 662 Do·

581 679 836 738 ‹lecasyllabo
853 680 1173 739 Octosyllabum.
1195 683 1428 726 Istiusmodi
1448 692 1509 726 est
1524 685 1776 742 epigramma
1799 683 1890 727 libri

579 747 640 787 XI
664 746 1040 804 quinquagesimum
1066 761 1240 790 nonum:

775 864 886 900 senas
904 864 1080 901 Charinus
1098 864 1265 902 omnihus
1283 865 1404 914 digitis
1419 866 1535 914 gerit,

968 927 1043 961 Nec
1064 932 1167 961 nocte
1186 924 1289 973 ponit
1307 925 1477 969 annulos,

772 985 847 1018 Nec
868 995 978 1031 quum
1001 984 1150 1020 lavatur.
1168 986 1283 1029 Causa
1299 995 1378 1032 quae
1395 984 1457 1028 sit,
1472 984 1629 1032 quoerit'u

966 1038 1263 1089 Dactyliothecam
1279 1055 1351 1080 non
1367 1043 1487 1080 habet.

573 1186 626 1227 ΙΙ.
650 1187 757 1240 Quoe
773 1188 1032 1242 potissc'mum
1059 1186 1123 1227 his
1148 1186 1222 1228 vel
1243 1185 1326 1228 illis·
1351 1184 1604 1228 carminibus
1625 1185 1879 1241 efferantur.

637 1336 745 1376 Rare
772 1336 1028 1376 Hexametris
1054 1333 1151 1377 solis
1173 1336 1302 1377 utitur
1329 1333 1610 1392 lepidissimus
1628 1342 1751 1392 poeta
1769 1329 1883 1387 (hoec

573 1400 680 1442 enim
711 1400 827 1456 Epici
852 1400 1042 1442 carminis
1067 1399 1324 1458 dignitatem,
1353 1399 1609 1441 altitudinem
1631 1408 1675 1441 et
1698 1399 1881 1442 sedatam

572 1465 798 1523 emphasim
817 1460 998 1519 deoeut);
1009 1465 1139 1507 utitur
1149 1461 1286 1507 tamen
1303 1464 1546 1522 quibusdam
1560 1465 1602 1506 in
1622 1463 1736 1518 locis,
1754 1465 1883 1508 innuo

573 1529 612 1571 id
637 1530 942 1573 usitatissimum
963 1531 1218 1587 pronuntiat,
1236 1529 1303 1572 lib.
1322 1531 1404 1583 VI,
1423 1530 1552 1587 epigr.
1576 1544 1676 1583 va,
1698 1542 1782 1587 quo
1802 1531 1883 1588 epi-

571 1596 808 1652 grammatis
833 1594 1096 1652 praecedentis
1108 1590 1246 1649 (mv)
1263 1604 1440 1638 metrum
1462 1604 1650 1639 excusat:

763 1711 984 1748 Hexametris
998 1710 1216 1759 epigramma
1231 1709 1331 1746 facis!
1347 1711 1421 1746 scio
1438 1709 1557 1746 dicere
1573 1711 1745 1746 Tuccam:

859 1758 977 1805 'ru'cca
988 1797 997 1814 ,
1016 1769 1106 1805 solet
1121 1770 1196 1804 fieri
1206 1796 1213 1803 .
1230 1796 1239 1804 .
1255 1796 1262 1803 .

567 1887 697 1928 rarius
723 1900 819 1926 vero
841 1885 1049 1935 iambicis,
1068 1885 1267 1926 rarissime
1282 1885 1525 1940 Asynarteto
1544 1884 1612 1940 qui
1633 1899 1655 1924 e
1675 1884 1875 1940 Dactylic.

567 1952 737 1992 trimetr.
776 1949 987 2007 trimorph.
1020 1958 1120 1992 acat.
1167 1958 1207 1991 et
1236 1948 1383 1991 Troch.
1417 1947 1512 1989 dim.
1552 1957 1628 1989 cat.
1669 1949 1709 1989 in
1747 1949 1873 2006 bisyll.

566 2017 743 2059 Unicum
775 2015 937 2072 quidem
968 2013 1046 2056 tale
1075 2016 1169 2055 novi
1199 2014 1237 2055 in
1272 2029 1342 2065 eo,
1370 2012 1467 2054 illud
1504 2028 1650 2071 nempe
1686 2012 1778 2055 libri
1809 2016 1873 2055 ΙΙΙ

567 2083 804 2139 vigesimum
829 2081 1017 2130 tertium,
1043 2078 1153 2137 quod
1179 2078 1301 2121 modo
1321 2077 1676 2120 exscribebamus:

760 2189 830 2222 Has
850 2198 929 2221 cum
949 2185 1088 2232 gemina
1105 2185 1297 2233 compede,
1316 2193 1381 2219 etc.

634 2294 685 2333 At
720 2290 879 2347 Degis,
915 2291 1135 2341 Scazonte,
1167 2288 1517 2345 Hendecasyllabo
1548 2289 1732 2345 inprimis
1769 2289 1872 2331 dele·

562 2366 707 2399 utatur.

629 2420 741 2479 Elegi
770 2419 930 2479 quidem
960 2420 1094 2461 omnia
1121 2419 1372 2476 exprimunt,
1393 2427 1434 2459 et
1461 2418 1522 2459 his
1553 2416 1673 2460 modo
1698 2420 1871 2472 Caesari‚

566 2497 636 2529 aut
648 2487 736 2528 Diis
746 2519 757 2538 ‚
770 2493 840 2527 aut
855 2485 994 2526 amicae
1005 2483 1259 2527 callidissime
1268 2482 1454 2525 adulatur
1465 2482 1492 2534 '3
1505 2482 1628 2525 modo
1641 2498 1732 2525 cum
1750 2481 1871 2526 Zoilis

737 2623 764 2643 ι,
789 2611 841 2642 On
865 2622 904 2642 ne
924 2618 1003 2653 peut
1031 2617 1106 2653 trop
1125 2609 1218 2640 louet
1237 2609 1316 2641 trois
1343 2617 1444 2641 sortes
1463 2608 1505 2642 de
1524 2621 1700 2651 personnes
1714 2634 1722 2647 ,

919 2660 979 2691 Les
1003 2657 1116 2694 diet-x,
1141 2669 1173 2689 sa
1191 2659 1352 2690 maitresse
1366 2666 1399 2690 et
1418 2669 1476 2689 son
1495 2659 1555 2689 roi.

1538 2718 1765 2749 Luna-runt..
