2447 3518
674 478 1210 520 EPIGRAMMATUM
1244 479 1361 520 LIB.
1396 479 1474 520 IV.

1629 480 1718 539 467

552 558 733 600 Moriens
754 557 915 616 reliquit
934 557 1085 600 ultimis
1106 567 1223 616 pater
1242 559 1354 600 ceris.

552 625 656 665 Fieri
682 631 844 681 putaret
864 637 981 681 posse
1001 624 1110 680 quis,
1131 623 1366 675 Maronille‚

554 690 613 731 Ut
636 690 874 731 Ammianus
900 697 1106 730 mortuum
1135 697 1290 745 patrem
1315 688 1467 731 nollet?

477 831 507 851 a.
529 819 707 850 Ultimis.....
720 819 802 849 ceris.
817 815 855 848 ld
873 824 920 849 est
933 817 1049 848 ultimo

426 874 619 900 testamento
640 877 648 899 :
666 877 741 898 nam
769 865 936 909 prioribus
956 873 1050 908 pater

424 915 586 949 heredem
603 926 675 947 eum
696 915 866 957 scripserat
876 937 887 954 ,
901 912 990 946 unde
1001 913 1049 946 illi

425 965 648 1009 pezflitissimae
672 963 806 996 luxuriae
833 963 902 995 filio
922 961 1049 995 deside-

424 1015 511 1047 rium
524 1022 593 1047 erat
606 1020 750 1057 paterna
764 1011 895 1051 mot-tiu
913 1010 968 1043 sed
983 1012 1052 1055 ejus

426 1063 632 1107 improbitate
646 1061 748 1094 iratus
760 1068 853 1104 pater
862 1083 871 1099 ‚
888 1060 934 1092 nil
947 1060 1052 1092 simile

425 1118 667 1154 exspectantem
682 1108 907 1142 exheredavit.
925 1109 989 1141 En.
1002 1128 1050 1135 —-

429 1160 522 1193 Ceris.
540 1163 568 1192 A
581 1157 817 1192 consuetudine
830 1158 863 1189 in
875 1158 989 1190 ceratis
1003 1165 1050 1189 ta-

426 1209 512 1242 bulis
530 1206 714 1248 scfibendi,
728 1206 976 1251 appellabantur
990 1217 1052 1250 per

428 1257 662 1301 metonymiam
671 1269 744 1288 εει-ιε
754 1280 764 1296 ,
777 1256 897 1299 quasvis
909 1255 1051 1299 scriptu-

428 1319 472 1340 rae
484 1328 494 1343 ‚
514 1306 567 1338 vel
584 1306 710 1339 tabula.

479 1355 509 1388 3.
520 1356 602 1389 Fieri
608 1362 694 1398 putet
699 1356 829 1398 potuisse
837 1354 870 1385 in
878 1351 952 1384 Ald.
959 1353 978 1384 J
982 1360 1052 1384 unt.

429 1405 537 1438 Colin.
557 1403 688 1447 Gryph.
703 1410 736 1436 et
752 1402 822 1434 aliis
838 1400 914 1434 edd.
934 1401 1052 1433 veteri-

428 1454 498 1486 bus.
519 1460 606 1496 putat
626 1464 713 1495 posse
740 1451 815 1483 cod.
836 1451 912 1482 Vat.
934 1458 1055 1492 putaret

425 1515 511 1546 posse
524 1501 598 1535 cod.
617 1501 813 1534 Florent.-
822 1499 983 1532 Marulline
996 1500 1055 1531 Be·

429 1550 574 1584 verlandi
588 1551 661 1583 MS.
679 1570 726 1575 —
743 1550 828 1582 Fieri
836 1556 976 1592 putaret,
992 1556 1051 1580 etc.

372 1631 376 1634 .
430 1599 701 1644 Vulgatissimum
739 1606 808 1630 erat
846 1597 1055 1629 Ammianum

1102 816 1204 859 patris
1216 824 1353 849 mortem
1366 818 1511 861 impense
1518 827 1632 863 optare
1641 844 1651 859 ‚
1663 820 1723 854 lm-

1101 863 1249 898 reditatis
1266 865 1404 909 copiosa
1419 866 1597 911 cupiditate
1607 893 1617 908 ,
1633 870 1723 913 quod

1101 915 1136 946 in
1159 914 1325 957 prioribus
1350 915 1467 948 tabulis
1486 928 1519 949 se
1545 917 1640 950 sciret
1658 918 1725 952 hae-

1101 961 1214 995 redem
1248 963 1444 997 institutum.
1476 965 1587 1005 Quum
1617 975 1724 999 autem

1102 1019 1214 1055 aperto
1237 1019 1426 1045 testamento
1454 1014 1537 1046 nihil
1560 1014 1621 1048 sihi
1648 1016 1724 1048 reli-

1103 1068 1192 1093 ctum
1199 1059 1335 1100 videret,
1349 1061 1412 1093 nisi
1425 1062 1728 1106 laqueum,dolebat

1104 1117 1268 1141 mortuum
1277 1118 1401 1153 patrem
1411 1135 1421 1150 ‚
1430 1122 1448 1143 a
1460 1123 1527 1155 quo
1542 1112 1619 1145 vivo
1633 1121 1730 1156 pote·

1103 1166 1154 1191 rat
1168 1157 1294 1202 aliquid
1306 1159 1454 1202 accipere
1466 1184 1476 1200 ‚
1491 1172 1558 1204 quo
1569 1162 1669 1193 vitam
1680 1163 1729 1195 hi-

1103 1207 1203 1239 larem
1223 1207 1258 1240 in
1280 1209 1566 1242 comessationibus
1582 1209 1726 1244 duceret.

1105 1255 1227 1288 Eodem
1243 1257 1319 1300 joco
1339 1257 1443 1289 utitur
1460 1258 1517 1290 lib.
1540 1259 1609 1299 vl,
1626 1261 1727 1304 epigr.

1106 1316 1212 1344 um,
1225 1316 1272 1337 vs.
1291 1306 1310 1338 8
1320 1329 1330 1344 ,
1343 1304 1383 1337 ad
1394 1306 1581 1340 Marianum
1590 1333 1600 1348 ,
1613 1307 1654 1341 de
1668 1309 1731 1341 12oe-

1106 1352 1251 1397 redipeta
1268 1365 1278 1385 :
1294 1370 1306 1382 ι
1321 1353 1355 1385 Si
1374 1356 1466 1399 cupis
1484 1364 1520 1388 ut
1531 1356 1655 1399 ploret,
1670 1356 1710 1390 da
1720 1382 1730 1399 ,

1107 1402 1271 1442 Matiane,
1296 1402 1390 1436 nihil.
1415 1421 1427 1433 2

1160 1455 1191 1490 4.
1218 1451 1386 1483 Μαιηίαηω
1416 1452 1489 1486 cod.
1515 1454 1657 1487 Florent.
1683 1474 1732 1482 —

1109 1500 1221 1532 Nollet.
1241 1501 1386 1544 Turpior
1409 1514 1520 1535 sensus
1539 1512 1645 1546 posset
1665 1505 1732 1536 col·

1108 1549 1166 1592 ligi
1181 1560 1219 1581 ex
1236 1549 1293 1581 lib.
1304 1550 1357 1590 11,
1371 1551 1474 1594 epigr.
1489 1556 1521 1590 4.
1532 1551 1610 1584 Vid.
1625 1561 1655 1586 et
1672 1554 1730 1585 lib.

1110 1597 1177 1638 111,
1195 1599 1296 1641 epigr.
1312 1609 1344 1630 x.

968 1722 1190 1775 LXXI.

743 1870 806 1897 AD
841 1867 1173 1896 sopnnomum
1210 1850 1425 1895 iturum*

497 1990 665 2043 QtJAEno
690 1985 759 2027 diu
786 1992 934 2034 totam,
958 1981 1162 2040 Sophroni
1189 1981 1319 2032 Rufe,
1342 1997 1415 2038 per
1442 1983 1606 2034 urbem,

564 2053 603 2095 Si
631 2065 710 2109 qua
736 2048 869 2107 puella
895 2056 1033 2104 neget;
1056 2046 1164 2088 nulla
1189 2045 1320 2104 puella
1344 2056 1474 2104 negat.

483 2181 497 2195 ⁶
513 2183 671 2224 Queritur
697 2181 877 2225 puellarum
898 2177 1058 2209 Romana-

433 2246 508 2268 rum
521 2233 706 2266 facilitatem
718 2253 727 2269 ,
743 2240 782 2261 ex
800 2227 921 2271 quibus
935 2225 1058 2258 nullam

435 2295 509 2327 qua
532 2287 663 2325 negaret
688 2277 874 2310 inveniebat
887 2288 897 2316 ;
923 2282 955 2306 et
978 2273 1060 2317 quid

435 2333 478 2365 sit
501 2338 585 2364 casta
609 2327 732 2373 puella,
752 2326 860 2358 docet.
884 2322 970 2356 Huic
991 2324 1060 2368 epi-

436 2379 604 2425 grammati
635 2378 845 2419 conjunctum
882 2381 929 2405 est
958 2373 1060 2416 epigr.

437 2441 549 2463 Luxu
568 2427 663 2461 infra.

484 2499 533 2505 —
551 2477 607 2510 Ad
617 2475 811 2517 Soplironium
825 2471 1016 2504 inscribitur
1027 2471 1059 2502 in

437 2527 513 2560 Ald.
529 2527 549 2559 J
553 2533 623 2558 unt.
642 2523 751 2556 Colin.
764 2521 895 2565 Gryph.
910 2520 1060 2552 Pulman.

436 2578 536 2620 Lang.
555 2574 686 2607 Juuian.
709 2579 770 2604 etc.
792 2570 848 2602 Ad
862 2570 1063 2611 Sempronium

438 2626 472 2658 in
482 2625 565 2657 aliis.
576 2623 632 2656 Ad
639 2622 834 2664 Saplnronium
847 2617 923 2650 cod.
931 2617 1060 2649 Thuan.

491 2686 504 2706 1
514 2699 522 2706 .
538 2669 729 2705 laevet-tandi
747 2669 817 2701 MS.
833 2680 888 2710 per
904 2666 1063 2699 orbem.—

441 2724 551 2766 Quoero
579 2721 631 2752 diu
658 2727 745 2751 totam
758 2743 767 2758 ,
792 2725 852 2751 etc.
884 2716 1061 2759 Negantem

1113 2176 1254 2219 puellam
1269 2177 1433 2219 qum-ebat
1449 2177 1492 2208 ob
1514 2188 1584 2210 eam
1609 2190 1736 2213 causam

1113 2224 1202 2268 quod
1219 2225 1352 2257 facilitas
1367 2225 1402 2257 in
1423 2224 1535 2258 dando
1553 2227 1667 2260 satiare
1686 2241 1735 2261 so·

1112 2274 1194 2313 leat,
1223 2281 1259 2305 ut
1278 2272 1361 2306 dixit
1379 2275 1448 2317 ipse
1462 2299 1470 2311 ,
1495 2286 1610 2319 supra,
1631 2278 1733 2321 epigr.

1114 2333 1241 2355 xxxvnt
1262 2333 1271 2354 :
1296 2338 1310 2351 α
1335 2322 1449 2361 Galla,
1476 2335 1577 2367 negiu
1603 2326 1737 2359 satiatur

1113 2383 1221 2410 amor,
1245 2371 1308 2403 nisi
1332 2370 1448 2415 gandia
1475 2379 1649 2416 torquent;
1671 2392 1685 2403 -
1704 2384 1736 2409 et

1113 2420 1215 2464 epigr.
1238 2431 1326 2458 χιιι,
1344 2419 1385 2452 de
1403 2432 1528 2464 puero,
1547 2438 1559 2450 ι
1581 2422 1735 2467 Saepeque

1114 2469 1277 2513 polentem
1307 2478 1400 2513 cogat
1417 2494 1426 2511 ,
1451 2469 1601 2514 nolitque
1622 2474 1735 2505 volen-

1116 2526 1179 2549 tem
1194 2534 1206 2546 -
1221 2529 1231 2557 ς
1248 2526 1343 2561 atque
1364 2518 1423 2550 lib.
1442 2519 1475 2554 Ι,
1497 2519 1601 2563 epigr.
1631 2533 1735 2560 unt,

1119 2583 1131 2595 -
1150 2567 1237 2599 Nolo
1252 2567 1349 2599 nimis
1365 2567 1491 2599 facilem
1505 2567 1736 2614 difficilemque

1114 2616 1211 2648 nimis
1232 2631 1245 2643 ι·
1256 2639 1267 2653 ‚
1285 2623 1317 2647 et
1333 2616 1449 2648 ultimo
1461 2627 1555 2650 versu
1568 2618 1737 2662 subjungit
1779 2636 1789 2643 ι

1116 2675 1243 2696 causam
1258 2676 1265 2696 z
1284 2680 1297 2692 ι
1315 2665 1382 2696 Nec
1398 2665 1473 2697 volo
1488 2664 1579 2708 quod
1595 2667 1734 2706 cruciat,

1117 2724 1176 2745 nec
1190 2714 1262 2746 volo
1270 2712 1360 2756 quod
1369 2714 1471 2746 satiat.
1480 2714 1609 2747 »flamia
1625 2716 1737 2752 Horat.

1434 2779 1516 2824 30²
