2447 3518
564 471 625 516 86

912 470 970 512 Μ.
989 469 1120 511 VAL.
1155 469 1515 511 MARTIALIS

755 550 879 605 Quod
905 549 957 593 de
979 549 1164 593 Gadibus
1191 550 1400 608 improbus
1421 550 1640 608 magister:

762 615 885 670 Quod
908 615 1038 657 bucca
1063 623 1124 657 est
1145 614 1270 657 vetuli
1295 614 1442 672 loquax
1469 615 1622 659 cinaedi.

759 681 899 734 Quare
925 680 1061 723 desine
1079 680 1164 737 jam
1190 680 1263 722 tibi
1290 680 1440 733 videri,

760 745 885 800 Quod
906 744 980 787 soli
1004 745 1097 797 tibi,
1120 744 1277 796 Caecili,
1295 744 1442 788 videris
1460 761 1470 786 :
1845 763 1877 786 1⁵

761 811 844 864 Qui
865 809 1038 853 Galbam
1061 808 1210 852 salibus
1232 811 1331 861 tuis,
1352 819 1395 852 et
1417 811 1549 868 ipsum

759 877 893 918 Possis
915 876 1077 918 vincere
1098 876 1276 917 Sextium
1301 874 1526 918 Cuballum.

761 941 857 982 Non
877 941 1118 997 cuicumque
1138 940 1279 982 datum
1302 949 1362 982 est
1382 940 1533 982 habere
1552 954 1707 982 nasum.

762 1005 886 1047 Ludit
908 1006 978 1062 qui
999 1004 1143 1048 stolida
1165 1006 1431 1062 procacitate,

762 1070 857 1112 Non
880 1079 941 1113 est
960 1071 1117 1112 Sextius
1139 1069 1225 1122 ille,
1248 1069 1318 1112 sed
1341 1069 1531 1113 caballus.

570 1198 684 1231 resine.
708 1218 759 1224 —
784 1198 908 1230 Urbicus
922 1205 1022 1241 poeta.
1040 1198 1197 1241 Intelligit

571 1247 768 1280 histrionum
781 1246 947 1290 quoddam
959 1258 1061 1290 genus
1075 1255 1107 1279 et
1118 1257 1197 1291 poe-

575 1304 683 1329 tarum
690 1318 700 1335 ‚
715 1296 773 1340 qui
783 1307 894 1328 versus
902 1296 1056 1339 pessimos
1067 1295 1198 1339 popello

575 1344 749 1378 decantant
766 1345 799 1376 in
819 1344 943 1384 triviis,
965 1352 1061 1389 atque
1083 1345 1128 1377 ita
1147 1355 1199 1376 ca-

575 1401 670 1437 punt
685 1393 774 1436 vulgi
794 1404 906 1433 eures,
926 1400 1066 1437 quoestus
1087 1393 1199 1437 gratia.

578 1442 707 1482 Quibus
725 1450 833 1474 tamen
845 1466 855 1482 ,
871 1453 976 1485 quum
994 1442 1080 1474 inter
1098 1441 1202 1474 multa

577 1490 711 1534 illepide
747 1490 834 1523 dictu
870 1490 1021 1523 excidant
1054 1490 1203 1535 quiedam

578 1538 666 1573 dicta
697 1541 818 1579 facete,
844 1550 910 1571 non
936 1539 1061 1583 optimo
1090 1550 1203 1571 eorum

578 1587 816 1632 comparandus
825 1596 871 1620 est
881 1588 1028 1621 Coecilius
1035 1611 1046 1628 ‚
1054 1588 1110 1632 qui
1122 1588 1205 1620 nihil

579 1637 699 1670 urbani
714 1637 822 1669 habet.
837 1637 899 1669 En.
1043 1671 1046 1675 ⁴

633 1696 688 1718 υ.
702 1686 835 1718 Ramtm
853 1686 890 1717 de
911 1686 1015 1718 Pmdo
1035 1686 1128 1718 malit
1151 1688 1206 1717 im-

577 1734 679 1776 probis
690 1760 698 1773 ,
715 1742 751 1767 ut
761 1734 818 1766 lib.
831 1734 875 1773 V,
886 1735 990 1778 epigr.
1002 1745 1115 1774 ux113
1129 1736 1205 1766 Juv.

581 1791 642 1815 snt.
665 1794 679 1814 ῐ
690 1794 703 1815 1
718 1807 728 1823 ‚
752 1784 830 1814 16².
841 1802 891 1809 —-
906 1783 1044 1825 Quodde
1060 1783 1206 1816 Gadibus.

583 1830 691 1864 Gades
703 1832 780 1863 urbs
793 1839 826 1864 et
841 1831 945 1863 insula
958 1839 1006 1863 est
1019 1831 1054 1863 in
1067 1838 1208 1863 extrema

584 1879 758 1923 Hispania,
784 1878 824 1910 ed
852 1879 1042 1918 meridiem,
1070 1878 1110 1911 ad
1135 1878 1208 1911 freti

586 1928 740 1961 Gaditani
755 1929 913 1971 angustias
924 1954 933 1968 ,
947 1928 1056 1961 cadiz.
1072 1928 1134 1959 Hic
1150 1939 1209 1971 pa-

585 1988 661 2009 rum
669 1977 793 2021 pudicae
803 1977 948 2020 quaedam
962 1978 1145 2009 saltationes
1161 1977 1209 2008 vi-

587 2027 703 2070 gebant
729 2037 765 2057 ac
784 2025 985 2057 docebantur
1010 2038 1027 2057 a
1053 2026 1211 2068 magistris

587 2076 622 2106 in
643 2075 746 2106 varias
762 2074 908 2117 regiones
927 2073 1002 2106 indo
1019 2074 1211 2118 prodeunti-

588 2124 659 2155 bus.
680 2122 760 2155 Vid.
781 2123 837 2154 lib.
859 2124 903 2162 V,
921 2123 1022 2167 epigr.
1045 2135 1161 2162 Lxxxx,
1180 2136 1210 2155 v.

593 2174 647 2204 26.
663 2180 694 2204 et
710 2172 766 2204 lib.
782 2172 831 2203 VI
843 2195 852 2211 ,
874 2173 975 2215 epigr.
999 2184 1075 2204 Lxxt
1086 2196 1095 2212 ,
1111 2184 1142 2205 v.
1163 2185 1193 2203 ο..

644 2222 698 2252 13.
729 2221 793 2252 Alii
816 2222 946 2264 legunt,
972 2222 1061 2252 dicax
1086 2222 1213 2257 cinara,-

589 2270 609 2300 J
612 2276 681 2301 unt.
701 2270 809 2302 Colin.
829 2270 898 2302 alia:
911 2278 989 2302 vett.
1004 2270 1124 2302 habent
1140 2294 1149 2309 ‚
1169 2270 1213 2301 lo·

591 2330 669 2361 quas
690 2318 826 2361 Cyna-di.
846 2339 894 2345 —
910 2319 1020 2350 Vetuli.
1035 2319 1069 2350 Si
1087 2318 1127 2351 ad
1141 2331 1214 2361 pro-

591 2367 820 2410 fligatissimum
833 2367 1033 2399 cinaedorum
1045 2367 1217 2412 impuden-

591 2415 669 2447 tiam
682 2439 692 2453 ,
718 2415 928 2459 eamdemque
958 2417 1214 2460 loquacissimum

592 2463 715 2495 accedit
726 2472 872 2496 senectus
882 2488 892 2504 ‚
901 2474 975 2498 aetas
983 2466 1217 2509 loquacissima,

593 2512 630 2544 sit
649 2513 926 2556 importunissima
942 2515 1121 2557 garrulitas.

648 2564 701 2594 16.
724 2562 896 2594 ὓ”ονΙιάη.ς
918 2564 995 2606 legit
1019 2564 1145 2596 Gabam.
1168 2584 1216 2590 -—-

598 2610 737 2643 Galbam.
756 2610 897 2643 Stolidus
911 2612 964 2644 ille
978 2613 1125 2645 Caecilius
1142 2612 1216 2645 Ga!-

1249 1198 1324 1229 ham
1339 1206 1372 1229 et
1390 1198 1535 1230 Sextium
1551 1197 1721 1230 Cuballum
1737 1208 1756 1230 n
1770 1208 1807 1229 se
1823 1209 1883 1230 sn-

1250 1247 1356 1289 perari
1367 1257 1460 1289 posse
1470 1246 1682 1279 existimabat.
1689 1246 1768 1279 Fuit
1775 1246 1885 1279 Galba

1253 1295 1387 1328 Caesaris
1398 1296 1536 1339 Augusti
1546 1307 1672 1335 scurra,
1685 1295 1743 1340 qui
1756 1295 1793 1327 in
1806 1296 1890 1328 Me-

1252 1344 1372 1376 cenatis
1400 1345 1535 1387 gratiam
1563 1343 1679 1378 doctus
1707 1352 1779 1378 erat
1805 1345 1888 1388 vigi-

1253 1392 1334 1426 lanti
1361 1400 1497 1426 stertere
1525 1405 1615 1426 naso.
1641 1394 1720 1426 JuV.
1743 1400 1804 1426 sat.
1830 1393 1888 1431 V.

1254 1454 1287 1474 v.
1305 1445 1336 1481 4.
1351 1441 1427 1474 Fuit
1443 1454 1575 1486 quoque
1587 1442 1716 1475 Sextius
1729 1442 1888 1475 Caballns

1255 1502 1365 1523 scurra
1375 1490 1529 1534 insignis,
1540 1491 1599 1535 qui
1609 1492 1670 1524 suh
1682 1490 1890 1535 Vespasiano

1257 1541 1390 1583 ejusque
1409 1539 1484 1572 filiis
1506 1540 1640 1581 flor-uin
1665 1539 1816 1572 Rada-us
1840 1548 1890 1573 tn-

1258 1599 1333 1620 men
1349 1588 1490 1621 Sestium
1505 1588 1639 1622 Gallum
1656 1600 1733 1620 vere
1745 1587 1815 1621 dici
1831 1600 1893 1633 pu-

1259 1644 1326 1675 tat,
1354 1636 1396 1669 de
1422 1649 1489 1681 quo
1513 1637 1710 1678 Suetonius,
1737 1648 1814 1681 emp.
1841 1641 1888 1677 4²

1259 1685 1398 1718 Tiberii.

1314 1736 1366 1767 18.
1387 1734 1457 1765 Non
1480 1736 1583 1778 cuique.-
1605 1734 1706 1766 datum
1734 1742 1780 1766 est
1811 1736 1893 1774 conj.

1261 1782 1393 1814 Ramires
1400 1782 1437 1813 de
1446 1782 1550 1814 Prado
1560 1807 1568 1821 ‚
1584 1791 1697 1816 contra
1711 1783 1802 1827 leges
1814 1794 1896 1827 poe-

1262 1831 1357 1869 ticas3
1376 1830 1424 1862 nil
1444 1830 1579 1869 mirum,
1597 1843 1699 1875 quum
1720 1839 1788 1864 tam
1814 1832 1896 1865 felix

1262 1887 1358 1922 poeta
1376 1879 1434 1918 sit,
1452 1887 1483 1911 et
1496 1903 1505 1919 ‚
1523 1887 1559 1912 ut
1573 1879 1726 1912 Sidonius
1743 1879 1895 1915 diceret,

1264 1927 1486 1967 Carminator,
1514 1936 1551 1960 ut
1578 1941 1684 1961 unum
1716 1929 1895 1962 Prudentii

1263 1988 1394 2008 versum
1423 1977 1467 2008 sic
1492 1977 1630 2021 legerit:
1662 1995 1675 2005 a
1695 1979 1789 2018 Quos
1821 1979 1896 2011 lana

1266 2034 1364 2058 terret
1382 2025 1522 2058 discolor
1542 2028 1574 2058 in
1592 2028 1712 2070 stipite.
1729 2044 1741 2055 ι
1759 2048 1810 2054 -—
1822 2028 1896 2059 lla-

1266 2076 1330 2106 hen·
1343 2087 1456 2106 nasum.
1471 2075 1542 2106 Hoc
1561 2084 1625 2113 est,
1639 2084 1751 2119 argute
1764 2078 1871 2119 jocari
1887 2089 1896 2109 :

1266 2124 1435 2156 derisionis
1464 2124 1552 2155 enim
1579 2124 1670 2157 sedes
1704 2133 1752 2157 est
1779 2137 1899 2166 nasus,

1269 2173 1370 2216 epigr.
1390 2184 1424 2204 tv
1444 2185 1549 2215 supra.

1321 2233 1333 2253 1
1342 2234 1373 2262 ς).
1384 2222 1460 2253 Post
1470 2222 1558 2252 Ludit
1568 2222 1808 2265 interl-»ungunt
1820 2222 1899 2256 Ald.

1266 2271 1359 2302 Junt.
1375 2278 1407 2301 et
1423 2270 1527 2302 Colin.

1319 2331 1368 2350 20.
1385 2320 1469 2351 Sunt
1481 2319 1536 2363 qui
1551 2319 1657 2362 legant
1667 2319 1784 2351 Cestius
1798 2345 1807 2358 ,
1827 2330 1902 2352 cor-

1270 2375 1401 2410 ruptum
1424 2379 1462 2400 ex
1489 2368 1618 2406 Sestius,
1646 2376 1681 2400 ut
1706 2369 1760 2400 alii
1786 2369 1902 2411 legunt

1271 2417 1420 2459 ἀρχαικῶς
1447 2429 1508 2461 pro
1534 2417 1659 2449 Seuius.
1682 2438 1731 2443 --
1759 2418 1823 2450 Sed
1848 2431 1901 2449 ca-

1272 2465 1376 2497 ballus.
1397 2466 1471 2497 Non
1499 2474 1546 2498 est
1570 2466 1696 2497 Sextius
1721 2466 1876 2498 Caballus
1890 2490 1902 2505 ‚

1272 2515 1326 2546 ille
1335 2515 1453 2546 facetus
1464 2523 1496 2546 et
1507 2515 1650 2546 urbanus
1658 2538 1666 2552 ‚
1676 2514 1732 2547 sed
1742 2516 1901 2554 caballus,

1271 2563 1454 2607 quadrupes
1471 2564 1576 2596 bellua
1587 2589 1596 2602 ,
1615 2563 1752 2596 dimidia
1769 2572 1899 2597 tantum

1272 2613 1412 2645 nominis
1429 2620 1518 2656 parte
1532 2612 1658 2655 dignus.
