2447 3518
999 1915 1056 1942 IN
1097 1894 1439 1943 ἙῘᾹΝΤΣΪΝΠΜΖι

691 2033 896 2073 ΒοΝΑεεΕ
919 2030 1093 2070 amicum
1117 2029 1188 2071 tibi
1215 2029 1411 2081 ducenta,
1434 2032 1651 2087 Mancine,

692 2098 834 2153 Nuper
860 2094 1036 2152 superbo
1057 2094 1167 2136 laetus
1192 2110 1262 2136 ore
1281 2095 1450 2153 jactasti.

695 2162 876 2215 Quartus
896 2160 980 2201 (lies
1003 2168 1091 2212 est,
1109 2161 1148 2200 in
1169 2160 1306 2202 schola
1326 2162 1540 2203 Poetarum

612 2281 626 2295 ⁶
644 2284 777 2316 lnducit
799 2283 989 2314 Mancinum
1012 2281 1185 2325 quemdam

564 2335 637 2378 qui,
657 2346 723 2365 non
736 2332 827 2364 aliter
841 2344 939 2375 quam
953 2332 1031 2363 Afer
1046 2332 1099 2362 ille
1114 2332 1187 2363 assi·

564 2382 648 2415 duus
669 2393 800 2413 suarum
818 2382 1020 2413 fortunarum
1045 2387 1186 2412 ostenta-

565 2440 616 2464 tor
633 2426 774 2473 (supra,
786 2431 888 2473 epigr.
912 2441 1025 2461 xxxvu
1039 2427 1050 2465 )
1064 2453 1072 2466 ,
1091 2428 1185 2472 quid-

563 2479 642 2524 quid
661 2480 721 2511 sibi
740 2491 931 2517 munerum,
950 2477 1111 2521 quidquid
1124 2478 1185 2509 sibi

562 2527 787 2561 haereditatum
813 2528 995 2569 obtigisset,
1015 2528 1058 2558 ita
1076 2539 1186 2559 narra-

563 2579 631 2618 bat,
646 2586 683 2610 ut
702 2578 907 2621 pauperiores
928 2577 1047 2608 amicos
1075 2575 1186 2607 odiosa

563 2639 627 2659 suae
646 2639 719 2659 cum
743 2628 886 2669 ipsorum
902 2625 997 2658 sortis
1020 2637 1184 2668 compara-

564 2678 651 2710 tione
668 2683 825 2708 enecaret.
840 2675 902 2706 En.

1294 2295 1322 2315 ι.
1341 2285 1486 2316 Ducem.
1502 2285 1605 2317 Miltia
1622 2290 1825 2322 sestertium.

1291 2332 1323 2364 3.
1351 2333 1481 2372 Quartus
1504 2334 1565 2364 dies
1586 2343 1640 2366 est.
1664 2337 1796 2375 Quarto
1822 2339 1872 2371 die

1239 2388 1314 2412 ante
1348 2381 1537 2413 hodiernam
1567 2382 1655 2415 diem
1672 2409 1681 2423 ‚
1721 2388 1806 2419 mihi
1840 2390 1871 2420 in

1240 2429 1345 2461 schola
1357 2454 1366 2468 ,
1386 2438 1446 2463 etc.
1467 2431 1527 2462 En.
1542 2452 1590 2457 —
1610 2434 1645 2463 ln
1670 2436 1774 2466 schola
1797 2438 1871 2468 Poe-

1242 2485 1347 2511 tarum.
1370 2480 1473 2511 Locus
1493 2488 1559 2511 erat
1578 2480 1611 2512 iu
1632 2494 1733 2525 quem
1758 2485 1798 2517 ad
1822 2498 1871 2517 re-

1239 2526 1406 2559 citandum
1424 2537 1526 2571 poetoe
1540 2532 1800 2571 conveniebant,
1819 2543 1871 2566 aut

1240 2575 1280 2607 ad
1295 2576 1429 2618 legenda
1445 2586 1475 2609 et
1489 2578 1695 2612 emendanda
1714 2586 1869 2616 carmina.

1240 2624 1325 2656 Vide
1342 2626 1397 2658 tib.
1415 2627 1483 2664 111,
1499 2628 1597 2670 epigr.
1615 2641 1682 2668 xx,
1702 2643 1753 2663 vs.
1777 2635 1808 2666 8.
1825 2654 1870 2659 —

1240 2674 1311 2713 Ibi,
1337 2674 1415 2706 dum
1448 2676 1595 2709 homiues
1627 2684 1846 2715 convenirem
1860 2707 1868 2722 ,
