2447 3518
556 430 620 504 ‘54
905 432 962 472 M.
988 432 1061 472 VA
1074 432 1118 472 L.

1154 431 1516 474 MARTIALIS

1143 552 1296 608 111ss

738 692 800 720 AD
836 692 1125 727 LECTOREM,
1159 691 1242 722 Um
1279 692 1414 720 LIBRI
1452 690 1691 720 VENALES.

628 797 715 849 Qut
738 803 874 835 tecum
901 795 1016 851 cupis
1042 808 1127 835 esse
1153 808 1266 835 meos
1288 793 1533 851 ubicumque
1558 792 1736 847 libellos,

695 861 749 901 Et
769 859 937 901 comites
959 857 1089 918 longae
1108 858 1252 915 quaeris
1272 857 1423 900 habere
1445 858 1546 911 viae3

631 926 717 966 Hos
738 938 851 977 eme,
873 938 975 981 quos
998 930 1128 975 arctat
1149 923 1339 965 brevibus
1363 922 1598 965 membrana
1620 921 1804 966 tabellis:

693 989 847 1030 Scrinia
868 988 921 1030 da
942 989 1117 1047 magnis,
1142 1002 1207 1029 me
1229 1002 1374 1029 manus
1397 1003 1478 1029 una
1501 989 1621 1046 capit.

630 1053 693 1096 Ne
715 1061 851 1095 tamen
874 1053 1058 1111 ignores,
1080 1053 1150 1095 ubi
1172 1053 1246 1095 sim
1269 1052 1421 1094 venalis
1435 1085 1447 1106 ,
1468 1061 1510 1095 et
1532 1067 1641 1094 erres
1860 1071 1876 1094 s

696 1118 811 1160 Urbe
836 1133 963 1175 vagus
988 1127 1096 1171 ἴσως
1119 1133 1184 1159 me
1206 1117 1309 1160 duce
1336 1125 1471 1159 certus
1497 1118 1589 1160 eris.

633 1182 840 1224 Libertum
865 1183 973 1225 docti
996 1184 1189 1225 Lucensis
1210 1197 1345 1239 quaere
1368 1182 1621 1234 Secundum,

619 1301 632 1314 '¹
649 1306 810 1344 Quartum
836 1312 885 1337 est
909 1305 972 1337 hoc
996 1305 1193 1348 epigramma

571 1355 606 1386 in
622 1354 713 1385 Junt.
732 1353 809 1385 anni
830 1353 919 1386 1512
933 1376 943 1392 ‚
961 1352 1019 1385 sed
1037 1353 1071 1385 in
1090 1353 1192 1385 Plant.

571 1402 683 1441 Junfi,
702 1402 821 1445 Delph.
838 1410 869 1434 et
887 1401 1054 1434 nonnullis
1067 1402 1135 1434 aliis
1149 1413 1195 1433 se·

573 1449 730 1483 cundum.

562 1507 569 1514 ”
623 1512 652 1531 a.
665 1500 790 1532 Comites
802 1500 908 1542 longae.
920 1499 1063 1532 Comites
1075 1499 1196 1531 scilicet

573 1547 747 1587 facundos,
760 1548 817 1592 qui
830 1560 893 1591 pro
906 1548 1060 1580 vehiculo
1073 1555 1150 1580 sunt
1162 1547 1196 1579 in

573 1597 642 1634 via,
668 1604 704 1628 ut
728 1596 837 1640 lepide
863 1596 987 1628 dictum
1015 1597 1197 1629 invenimus

575 1644 661 1688 apud
678 1646 772 1677 Publ.
788 1646 861 1689 Syr.
884 1646 1064 1677 Mimorum
1081 1645 1195 1688 script.

575 1693 608 1725 in
617 1694 803 1737 fragmentis
816 1702 904 1738 poet.
914 1694 1013 1726 Henr.
1025 1693 1197 1737 Stephani:

577 1759 589 1770 -
605 1743 721 1775 Comes
736 1742 893 1775 facundus
908 1742 943 1775 in
964 1744 1015 1775 vin
1032 1754 1093 1785 pro
1106 1742 1199 1774 vehi-

576 1792 652 1824 culo
665 1799 722 1824 est.
744 1808 757 1819 ι·

625 1839 655 1872 3.
682 1842 792 1872 Amat
822 1840 996 1871 membrana.
1021 1840 1092 1871 Hoc.
1124 1847 1171 1871 est
1187 1862 1197 1876 ‚

576 1889 631 1931 qui
642 1889 757 1930 exiguo
766 1889 932 1920 volumine
944 1895 1017 1920 sunt
1029 1888 1199 1931 compacti.

576 1937 762 1969 Scribebant
784 1938 907 1981 antiqui
926 1938 960 1968 in
983 1937 1199 1975 membranis;

578 1993 609 2017 et
628 1986 751 2017 tabellis
762 1987 811 2017 vel
829 1987 935 2018 citreis
950 1986 1047 2016 velex
1061 1986 1118 2017 alia
1136 1998 1201 2018 ina-

579 2034 657 2065 teria
680 2034 931 2065 includebantur
955 2035 1049 2073 litu-13
1067 2034 1145 2076 qui,
1173 2034 1200 2066 si

579 2083 731 2114 arctiores
742 2092 773 2114 et
781 2083 922 2114 minores
931 2091 1032 2114 essent
1042 2105 1049 2116 .
1064 2091 1095 2114 ct
1103 2094 1199 2114 manu

578 2132 650 2174 capi
684 2140 813 2174 possent
830 2156 839 2170 ‚
872 2132 968 2174 vulgo
1002 2132 1200 2163 vocabantur

581 2181 774 2219 Encl1iridia;
794 2177 856 2217 (εν,
873 2181 965 2217 dans5
984 2193 1064 2222 χειρ,
1083 2182 1159 2211 main
1173 2178 1201 2218 )‚

578 2229 603 2259 si
619 2241 696 2260 vero
710 2231 845 2273 majores
857 2253 865 2265 ‚
887 2229 1035 2260 ·1·olumtinu
1049 2228 1201 2260 diceban-

580 2286 634 2309 tur
645 2278 749 2321 „quia
765 2278 875 2320 scripti
892 2285 982 2308 crant
999 2278 1030 2308 in
1048 2286 1201 2320 perpetua

579 2327 765 2358 membrana
775 2348 784 2364 ,
797 2327 881 2358 circa
895 2327 1046 2358 bacillum
1059 2327 1199 2368 ligneum

580 2376 718 2406 iamlam.

629 2428 659 2461 4.
688 2424 802 2454 Scrinia
835 2424 874 2454 ιΙιι
904 2426 1026 2465 magnis.
1058 2424 1201 2466 Ingentia

576 2472 742 2503 volumina
768 2483 890 2514 repone
915 2472 1022 2509 (lomi,
1049 2480 1081 2504 et
1109 2484 1198 2504 serva

577 2521 610 2551 in
627 2523 759 2557 scriniis,
781 2519 815 2551 id
836 2530 881 2552 est
900 2521 931 2552 in
954 2521 1069 2553 arculis
1090 2529 1122 2552 et
1146 2532 1197 2553 ca-

578 2570 642 2612 psis
653 2566 665 2606 (
678 2581 694 2600 a
710 2570 879 2600 secernendo
889 2568 983 2601 dictis
994 2568 1022 2609 );
1039 2581 1098 2612 ego
1108 2581 1198 2608 vero,

576 2630 695 2660 nempe
708 2630 795 2649 meus
806 2618 931 2649 libellus
942 2642 950 2656 ,
964 2619 1078 2661 gestari
1094 2619 1195 2656 facile,

576 2675 608 2699 ct
625 2679 718 2698 manu
737 2666 806 2710 capi
824 2679 961 2709 possum.

1297 1306 1330 1336 6.
1357 1303 1409 1335 Me
1427 1304 1511 1336 duce.
1541 1304 1687 1337 nocente
1709 1304 1821 1346 viam,
1846 1312 1880 1337 et

1246 1352 1459 1396 bibliopolam
1480 1359 1692 1385 monstrante.

1299 1413 1330 1444 7.
1350 1400 1478 1433 Secundi
1488 1409 1601 1434 contra
1611 1400 1762 1433 omnium
1777 1399 1879 1434 codd

1248 1457 1281 1482 et
1291 1448 1367 1482 edd.
1378 1457 1458 1482 vett.
1469 1449 1568 1482 fidem
1582 1449 1662 1493 legit
1672 1449 1858 1483 Scriverius
1870 1474 1881 1491 ‚

1250 1509 1388 1541 eumque
1421 1506 1576 1542 sequutus
1604 1506 1653 1531 est
1685 1498 1881 1532 Famabius.

1252 1545 1379 1586 Atssvide
1389 1547 1538 1579 Turneb.
1551 1546 1687 1580 Advers.
1697 1547 1817 1580 XVIII
1824 1571 1836 1589 ,
1847 1548 1880 1582 3.

1250 1615 1297 1620 —
1319 1595 1439 1637 Qua-re.
1459 1596 1642 1639 Bibliopola
1660 1604 1730 1630 erat
1745 1596 1804 1630 hic
1822 1597 1883 1629 Se·

1249 1643 1390 1676 cundum
1421 1644 1562 1677 Librarii
1590 1645 1792 1678 vocabantur
1823 1646 1883 1690 qui

1250 1692 1350 1724 libros
1376 1693 1617 1734 ascribebant,
1644 1701 1682 1726 ut
1706 1693 1798 1737 apud
1820 1706 1883 1734 nos

1251 1741 1446 1786 typographi
1465 1749 1541 1774 sunt
1556 1742 1579 1774 ii
1600 1743 1658 1786 qui
1675 1743 1764 1786 typis
1778 1742 1884 1776 eden·

1250 1789 1310 1822 dos
1340 1797 1481 1830 out-anu
1511 1791 1695 1834 bibliopola
1727 1799 1825 1824 erant
1859 1792 1885 1825 ii

1250 1850 1335 1882 quos
1352 1846 1386 1870 et
1396 1850 1626 1872 nomvocamus
1641 1840 1828 1873 Maru-hands
1846 1841 1886 1873 11-

1253 1887 1372 1920 brais-es.
1404 1888 1580 1920 Turnebus
1602 1913 1611 1927 ,
1643 1888 1702 1920 lib.
1740 1889 1861 1922 XVm
1873 1912 1884 1928 ‚

1252 1947 1322 1979 rap.
1338 1937 1404 1974 111,
1423 1938 1604 1979 suspicatur
1617 1938 1650 1968 in
1665 1945 1886 1979 patronorum

1252 1985 1375 2016 libertis
1393 1984 1544 2017 ordinem
1566 1985 1741 2029 quemdam
1762 1987 1864 2019 fuisse
1876 2012 1887 2027 ‚

1253 2033 1341 2076 quod
1364 2034 1456 2065 alteri
1479 2034 1565 2077 apud
1590 2042 1765 2077 patronum
1791 2037 1886 2079 prio-

1254 2094 1321 2113 rem
1343 2083 1448 2114 locum
1473 2083 1675 2122 obtinerent,
1692 2084 1785 2115 alteri
1807 2097 1887 2128 pro·

1253 2130 1376 2162 ximum
1390 2142 1397 2162 :
1417 2130 1555 2174 ideoque
1568 2132 1732 2163 Secundam
1746 2144 1816 2164 nou
1831 2133 1888 2166 hic

1256 2190 1322 2211 esse
1340 2191 1458 2211 nomen
1484 2181 1655 2223 proprium
1672 2181 1806 2220 liberti,
1829 2182 1888 2214 sed

1256 2229 1361 2259 locum
1370 2229 1458 2260 hunc
1470 2228 1623 2261 indicare.
1634 2250 1681 2254 —
1691 2229 1891 2272 Scriverius,

1255 2285 1367 2308 contra
1398 2289 1508 2309 omnes
1530 2278 1631 2309 libros
1658 2279 1771 2311 scribit
1786 2291 1797 2319 ;
1825 2281 1890 2311 Lu-

1256 2329 1346 2357 cemis
1374 2338 1469 2369 quan-e
1500 2326 1648 2365 Secundi;
1674 2335 1771 2370 putat
1797 2329 1888 2360 enim

1256 2374 1357 2405 verbo
1371 2376 1508 2406 Lucensis
1526 2376 1663 2419 patriam
1681 2377 1815 2419 patroni
1836 2377 1890 2410 Se-

1257 2422 1355 2454 cundi
1366 2447 1377 2463 ,
1392 2436 1456 2455 non
1468 2436 1587 2456 nomen
1602 2424 1739 2457 indicari
1755 2439 1762 2456 :
1779 2434 1889 2466 certe,

1258 2472 1381 2503 etiamsi
1398 2473 1560 2504 &cundum
1579 2472 1809 2511 admittamus,
1830 2486 1889 2519 pa-

1254 2528 1385 2552 tronum
1417 2521 1479 2554 hoc
1510 2533 1629 2554 nomen
1660 2522 1814 2555 habuisse
1840 2524 1888 2557 fa-

1252 2568 1386 2601 tendum
1406 2578 1472 2609 est;
1493 2582 1567 2602 nam
1588 2570 1649 2602 sibi
1670 2570 1884 2604 dominorum

1252 2617 1425 2651 adsciscere
1447 2619 1579 2651 nomina
1605 2619 1755 2652 solebant
1777 2621 1881 2660 servi,

1251 2679 1353 2710 quum
1370 2669 1703 2701 manumitterentur:
1720 2669 1763 2702 ita
1778 2669 1877 2701 liber·
