2447 3518
816 438 1298 482 EPIGRAMMATU
1313 438 1361 480 M
1394 439 1511 481 LIB.
1546 439 1627 481 IV.

1785 437 1878 491 413

1074 584 1357 638 XXXIV.

1038 729 1066 757 A
1082 729 1110 757 t)
1156 729 1415 757 ATTALUM.

633 845 831 887 Sonmmt
858 859 983 902 quum
1012 844 1084 886 tibi
1108 845 1180 897 sit,
1199 858 1340 885 verum
1366 852 1524 895 tamen,
1546 842 1699 896 Attale,
1721 844 1842 897 dicit,

682 909 893 968 ‘Quisquis
918 918 958 951 te
982 909 1141 951 niveam
1168 908 1267 952 dicit
1292 908 1445 951 habere
1469 917 1620 966 togam.

623 1048 651 1069 1.
674 1037 768 1069 Nic-ea
800 1048 862 1069 vox
887 1048 989 1081 quum
1015 1036 1197 1081 apponitur

567 1085 640 1119 voci
667 1085 787 1117 sordida
807 1110 815 1123 ,
847 1085 1007 1130 significat
1037 1085 1166 1117 candida
1183 1110 1193 1124 ,

561 1146 643 1179 pum
654 1147 667 1173 ‚·
681 1146 783 1178 quum
802 1135 984 1179 opponitur
996 1135 1068 1167 voci
1082 1135 1193 1173 calida,

567 1184 727 1227 siguificat
734 1183 863 1226 ftige'da.
878 1181 966 1215 Vide
978 1183 1035 1216 lib.
1048 1184 1099 1216 111
1108 1207 1119 1223 ‚
1132 1184 1197 1227 epi·

567 1244 704 1277 gramm.
729 1244 844 1271 xxxiv,
869 1231 910 1264 ‹le
935 1232 1074 1266 Chione.
1097 1232 1198 1264 Ludit

568 1282 670 1324 igitur
699 1280 733 1313 in
760 1281 967 1326 ambiguitate
993 1281 1083 1314 verbi
1107 1282 1196 1314 Mar-

568 1329 669 1371 tialis,
688 1329 799 1363 dicens
814 1337 935 1362 vestem
949 1329 1115 1363 sordidam
1128 1342 1196 1363 esse

566 1380 699 1418 niveam,
722 1378 756 1411 id
771 1387 819 1412 est
833 1403 844 1421 ,
855 1378 1021 1422 frigidam,
1041 1380 1119 1423 qnia
1138 1378 1196 1411 de·

568 1427 701 1461 floccata
732 1429 836 1472 frigus
870 1428 1106 1461 intromittebat
1120 1452 1131 1467 ‚
1163 1435 1196 1460 et

566 1487 658 1510 cerea
669 1484 756 1518 erat,
767 1484 803 1510 ut
811 1477 864 1510 illa
879 1477 975 1511 vestis
987 1477 1196 1516 anuriani,

1249 1036 1309 1069 lib.
1323 1038 1340 1069 1
1355 1059 1366 1074 ,
1387 1036 1487 1080 epigr.
1507 1048 1590 1069 xcm
1602 1061 1612 1077 ,
1638 1049 1734 1070 versu
1755 1049 1775 1081 7
1791 1050 1801 1077 ς
1826 1039 1880 1071 vel

1250 1085 1348 1118 etiam
1370 1085 1515 1130 intellige
1531 1089 1642 1118 niveam
1653 1110 1662 1124 ,
1683 1086 1727 1119 ita
1746 1087 1856 1119 tritam
1869 1111 1880 1127 ,

1250 1142 1288 1168 ut
1305 1135 1360 1167 fila
1376 1134 1464 1167 nuda
1486 1135 1695 1168 albescerent.
1720 1135 1799 1169 Vid.
1819 1136 1877 1168 lib.

1249 1184 1318 1223 lx,
1334 1183 1437 1227 epigr.
1455 1195 1492 1222 ι,
1509 1195 1557 1215 vs.
1576 1184 1595 1215 8
1615 1195 1623 1215 ε
1650 1200 1663 1212 ι
1680 1184 1788 1224 Quam
1801 1196 1879 1228 pos-

1250 1232 1292 1265 sis
1310 1232 1437 1264 niveam
1456 1231 1565 1264 dicere
1578 1234 1651 1275 jure
1668 1241 1738 1266 tuo.
1752 1234 1815 1266 En.
1829 1253 1879 1261 —

1250 1282 1340 1313 Dixit
1350 1282 1384 1313 in
1392 1280 1473 1314 aliis.
1489 1282 1595 1314 Attale
1610 1282 1683 1314 dicit
1697 1281 1773 1315 Ald.
1781 1283 1802 1315 J
1805 1290 1877 1315 unt.

1250 1331 1359 1363 Colin.
1387 1330 1517 1374 Gryph.
1545 1331 1718 1363 Pulmanu.
1744 1332 1877 1364 Junian.

1249 1379 1350 1422 Lang.
1367 1379 1484 1423 Delph.
1500 1387 1561 1412 etc.

1302 1440 1334 1460 a.
1354 1429 1391 1460 In
1409 1427 1524 1461 iisdem
1548 1429 1717 1462 codicibus
1737 1429 1879 1473 legitur,

1250 1477 1321 1508 dicit
1335 1477 1440 1509 hahere
1456 1485 1566 1520 togam.

1093 1603 1357 1657 XXXV.

921 1749 984 1776 nr:
1019 1749 1190 1777 ructu
1228 1730 1520 1776 munnulus*

632 1869 880 1910 Fnowrums
901 1865 1079 1907 adversis
1102 1864 1244 1907 molles
1266 1879 1510 1907 concurrere
1534 1864 1672 1906 damas

617 1995 631 2010 ¹
651 2001 690 2031 In
720 1998 910 2043 spectaculis
938 1997 1103 2030 veteribus
1126 2009 1192 2029 nou

567 2048 667 2081 modo
682 2049 757 2080 ferai
768 2048 999 2080 emittebantur
1015 2047 1050 2078 in
1063 2057 1194 2078 arenam

569 2105 608 2130 ut
633 2099 758 2134 leones,
784 2097 904 2140 tigres,
930 2095 1019 2136 ursi,
1040 2095 1194 2128 rhinoce-

567 2155 673 2186 rotes,
691 2146 894 2190 elephantes,
907 2144 990 2178 tauri
1005 2169 1015 2185 ,
1026 2143 1084 2177 sed
1098 2144 1194 2177 etiam

567 2195 800 2228 mansuetiores
819 2218 830 2234 ‚
857 2202 889 2226 et
917 2195 1062 2228 cicures.
1091 2193 1195 2226 veluti

565 2256 686 2288 grues,
709 2252 746 2276 ut
774 2251 907 2276 testatur
937 2242 1128 2287 xiphilinus
1160 2242 1194 2274 in

567 2293 667 2334 Tito,
694 2292 771 2337 galli
799 2293 991 2336 gallinacei,
1021 2300 1058 2324 ut
1082 2292 1196 2324 scribit

568 2343 733 2382 AElianus,
750 2341 806 2374 lib.
826 2341 876 2376 11,
896 2352 967 2385 cap.
986 2353 1002 2372 2
1020 2365 1030 2380 ,
1049 2340 1091 2373 de
1107 2340 1196 2373 varia

567 2390 721 2431 historia,
741 2398 774 2423 et
792 2390 877 2423 Plin.
893 2390 951 2423 lib.
969 2390 1000 2421 X
1013 2413 1022 2427 ‚
1042 2401 1112 2432 cap.
1130 2400 1195 2437 αι’,

567 2447 601 2472 et
627 2439 833 2474 Herodianus
855 2440 889 2471 iu
912 2438 1032 2470 Severo
1056 2450 1064 2471 :
1094 2439 1195 2471 simiae

566 2489 664 2522 etiam
678 2513 688 2530 ,
707 2501 778 2534 qua
799 2499 898 2533 parva
923 2487 1069 2532 corporis
1091 2486 1194 2519 decli·

566 2538 698 2571 natione
721 2538 806 2571 ictus
824 2537 994 2569 missilium
1008 2537 1171 2569 evitabant
1183 2561 1192 2574 ,

568 2594 607 2619 ut
619 2587 673 2619 hic
687 2588 816 2625 Noster,
827 2587 884 2618 lib.
903 2586 995 2625 xlv,
1006 2586 1110 2629 epigr.
1120 2595 1170 2617 ccx
1184 2596 1194 2617 ς

571 2652 586 2665 ι
608 2634 752 2669 Callidus
777 2635 905 2668 emissas
926 2633 1058 2667 eludere
1084 2634 1196 2668 simius

568 2684 684 2725 hastas,
701 2685 733 2717 Si
751 2684 832 2716 mihi
849 2681 951 2716 cauda
966 2683 1061 2722 soret,
1076 2683 1195 2716 Cerco·

1247 1996 1399 2041 pithecus
1422 2008 1521 2029 eram.
1541 2012 1554 2024 -
1589 1997 1632 2029 Et
1660 1996 1813 2041 lepores,
1841 2008 1878 2032 ut

1247 2057 1345 2089 supra
1358 2045 1482 2078 dictum
1498 2053 1545 2077 est
1564 2044 1714 2089 pluribus
1725 2046 1761 2078 in
1774 2047 1853 2080 locis
1868 2059 1878 2081 τ

1247 2094 1388 2138 denique
1419 2094 1543 2134 damae,
1570 2102 1608 2126 ut
1631 2102 1720 2139 patet
1748 2106 1787 2128 ex
1812 2097 1880 2130 hoe.

1247 2144 1349 2187 epigr.
1376 2151 1408 2176 et
1431 2144 1508 2175 infr.
1528 2143 1631 2188 epigr.
1657 2155 1767 2177 Lxxtv.
1789 2145 1878 2178 Vide

1250 2201 1283 2226 et
1295 2193 1415 2225 librum
1430 2192 1538 2236 Spect.
1556 2193 1657 2237 epigr.
1676 2205 1779 2226 xxxu.

1301 2253 1330 2275 1.
1350 2242 1509 2274 Frontibus
1522 2242 1659 2274 ade-ersis.
1681 2242 1747 2282 Qui
1766 2250 1876 2275 autem

1247 2304 1319 2324 mos
1345 2299 1395 2323 est
1429 2299 1645 2323 cornutorum
1677 2291 1877 2325 animalium.

1247 2360 1296 2368 -—
1312 2340 1429 2373 Molles.
1452 2341 1539 2372 Sunt
1557 2348 1672 2373 natura
1689 2352 1746 2372 sua
1763 2341 1877 2374 imbel-

1247 2390 1294 2423 les
1309 2389 1412 2421 damae
1426 2401 1435 2428 ;
1452 2389 1509 2422 lib.
1532 2389 1616 2421 XIII
1628 2412 1638 2429 ‚
1655 2390 1757 2432 epigr.
1775 2401 1874 2422 xcxv:

1253 2455 1265 2467 ι
1282 2440 1386 2471 Dente
1403 2439 1561 2470 timentur
1579 2439 1672 2482 apri3
1693 2438 1878 2471 defendunt

1247 2499 1373 2520 cornua
1407 2499 1530 2520 cervos.
1571 2487 1722 2519 Imbelles
1753 2485 1879 2526 damae,

1248 2535 1326 2580 quid
1347 2536 1408 2569 nisi
1425 2535 1535 2580 praeda
1550 2536 1687 2569 sumus?
1705 2553 1718 2565 .-
1739 2536 1879 2569 Miratur

1248 2597 1325 2629 ergo
1351 2586 1453 2618 Poeta
1482 2586 1606 2629 fugacia
1642 2585 1819 2617 animantia
1843 2586 1879 2617 iu

1248 2642 1395 2667 mutuam
1424 2645 1537 2666 necem
1567 2634 1815 2673 concurrentia,
1838 2641 1876 2666 ut

1250 2682 1374 2716 faciunt
1389 2683 1472 2714 tauri
1490 2683 1541 2715 vel
1554 2682 1761 2725 gladiatores.
1775 2682 1838 2716 En.
