2447 3518
581 511 628 537 vi
777 497 1095 539 EDITORIS
1128 498 1292 538 NOVI
1327 498 1674 539 PRAEFATIO.

648 595 885 637 2⁰Textum
914 610 965 637 ex
997 595 1159 652 optimis
1186 596 1475 652 Manuscriptis
1512 596 1779 653 omnibusque
1805 597 1888 638 edi-

580 669 781 723 tionibus,
814 670 935 712 etiam
963 670 1267 722 recentissimis,
1293 671 1399 712 inter
1427 685 1469 712 se
1496 670 1650 713 collatis
1673 670 1886 730 diligenter

578 747 833 804 recognitum
847 746 1151 788 emendavimus
1161 779 1173 799 ‚
1185 755 1363 788 veterem
1373 746 1618 804 ὀρθογραφίαν
1636 756 1883 804 respuentes.

576 822 683 862 Tum
712 820 806 864 Julii
838 820 1028 880 Scaliger-i
1060 821 1289 879 μετάφρασιν
1328 833 1502 879 graecam
1541 823 1883 881 epigrammatum

575 897 844 954 quorumdam
878 899 1083 940 contextui
1110 898 1363 955 subjecimus.

642 971 696 1015 3ο
710 974 962 1016 Variantium
982 973 1199 1016 lectionum
1216 973 1301 1016 fere
1317 975 1498 1016 omnium
1517 975 1794 1026 meminimus3
1812 975 1883 1016 sed

574 1047 625 1088 «le
647 1048 693 1089 iis
720 1063 811 1090 raro
829 1049 1120 1105 judicavimus,
1141 1064 1266 1106 quum
1292 1050 1436 1106 saepius
1461 1049 1555 1091 satis
1576 1049 1790 1102 indicaret,
1811 1058 1885 1092 aut

573 1123 774 1179 quantitas
793 1122 1055 1180 syllabarum,
1078 1132 1148 1165 aut
1164 1138 1323 1176 sensus,
1344 1139 1433 1181 quae
1452 1124 1558 1165 bona
1573 1156 1585 1176 ,
1608 1139 1697 1181 quae
1718 1123 1883 1177 melior3

576 1200 705 1240 rarius
726 1213 825 1240 vero
843 1198 895 1240 de
917 1200 964 1240 iis
988 1199 1206 1256 disputatio
1231 1199 1350 1240 nobis
1373 1199 1552 1240 instituta
1571 1198 1659 1240 fuit.

639 1276 695 1326 4⁰
713 1274 767 1316 Iis
791 1275 994 1332 praecipue
1011 1275 1118 1316 notis
1136 1275 1199 1316 usi
1215 1288 1366 1325 sumus,
1383 1288 1483 1331 quas
1500 1274 1698 1332 principio
1723 1275 1764 1315 iu
1781 1274 1879 1316 edit.

573 1348 716 1392 Gallie.
750 1350 802 1391 ad
832 1364 949 1392 usum
982 1348 1175 1407 Delphini
1209 1348 1359 1407 publici
1390 1350 1492 1406 juris
1528 1348 1655 1391 factas
1684 1350 1785 1405 juris
1818 1351 1880 1391 sui

572 1425 633 1467 Gi.
663 1426 810 1483 Valpy
831 1424 943 1477 fecit,
972 1423 1119 1481 quibus
1141 1432 1277 1465 tamen
1302 1432 1345 1466 et.
1365 1424 1583 1466 Variorum
1606 1433 1722 1466 notas
1751 1439 1879 1481 saepe,

571 1501 775 1543 interdum
800 1509 980 1553 nostras,
1002 1499 1268 1557 adjunximus.

639 1576 691 1620 5⁰
711 1578 972 1619 Monetamm
987 1608 999 1628 ‚
1027 1576 1253 1634 ponderum
1280 1584 1322 1617 et
1343 1589 1624 1617 mensurarum
1642 1574 1800 1617 tabulas
1815 1604 1826 1626 ,
1851 1590 1875 1616 a

574 1654 820 1696 Doctissimo
851 1653 952 1695 Viro
982 1654 1221 1695 Lmomm
1248 1659 1437 1694 accurate
1463 1650 1689 1703 confectas,
1720 1650 1879 1693 tabulas

570 1728 622 1771 ad
640 1728 792 1772 calcem
811 1730 932 1787 primi
949 1727 1164 1770 voluminis
1184 1727 1391 1779 dedimus;
1410 1727 1463 1769 ad
1478 1742 1579 1784 quas
1598 1741 1877 1784 saepenumero

569 1805 859 1848 recurrendum
886 1805 960 1846 tibi
984 1813 1068 1858 est,
1089 1804 1188 1846 dum
1211 1802 1442 1847 Martialem
1472 1802 1582 1861 legis.

633 1879 688 1923 6⁰
716 1881 898 1923 Iudicem
929 1880 1155 1922 addidimus
1187 1880 1508 1937 copiosissimum
1523 1911 1535 1931 ,
1569 1878 1729 1936 qualem
1764 1877 1874 1919 nulla

569 1957 776 2013 hucusque
805 1955 847 1996 in
880 1953 1055 1996 editione
1084 1954 1260 2011 reperire
1280 1961 1379 1996 erat.
1401 1950 1603 2009 Valpiano
1641 1950 1802 2007 quidem
1831 1950 1873 1991 in

567 2029 754 2073 Martiale
783 2031 956 2072 indicem
990 2029 1117 2071 habes
1147 2029 1328 2071 omnium
1361 2043 1510 2070 vocum
1547 2026 1693 2085 quibus
1729 2035 1874 2068 auctor

565 2122 663 2148 usus
687 2114 781 2159 est3
802 2105 872 2148 sed
887 2114 1130 2164 perpetuum
1154 2105 1238 2147 fere
1264 2104 1384 2147 unica
1406 2118 1487 2145 vox
1513 2111 1596 2155 est,
1618 2102 1733 2158 cujus
1759 2100 1872 2143 locus

567 2183 776 2224 indicatur.
802 2182 889 2223 Nos
920 2181 1047 2234 duas,
1073 2180 1276 2223 interdum
1306 2188 1387 2222 tres
1413 2194 1533 2222 voces
1561 2179 1617 2221 ita
1638 2177 1871 2235 jungimus,

564 2267 612 2300 ut
635 2258 838 2300 memoriae
858 2256 977 2299 simul
993 2256 1184 2299 auxilium
1210 2256 1418 2309 adveniat,
1437 2264 1478 2298 et
1504 2253 1806 2297 laborisminus
1829 2253 1870 2293 in

564 2333 806 2390 requirendo
827 2340 1102 2375 consumatur.

923 2469 1514 2492 -ψ-
