2447 3518
613 1918 618 1920 .
638 1915 640 1917 »
658 1918 665 1925 .
682 1882 746 1925 Eu.

615 1944 644 1978 4.
659 1942 747 1972 Volo.
762 1942 891 1971 Vellem
903 1963 912 1978 ,
931 1942 1085 1983 intellige.
1101 1942 1167 1971 En.

620 1988 653 2021 5.
669 1990 707 2020 ln
727 1989 852 2021 Beverl.
871 1988 943 2021 MS.
964 2001 1065 2021 aversa
1076 1990 1191 2030 fronte,

566 2044 599 2068 et
611 2037 657 2068 sic
672 2037 751 2080 legit
767 2037 962 2076 Scriverius;
978 2038 1012 2069 in
1026 2037 1099 2070 edd.
1113 2045 1192 2070 vett.

566 2098 696 2117 aversum
708 2085 805 2126 fonde.
821 2105 869 2112 —-
887 2088 1000 2118 Averso
1007 2088 1112 2127 some,
1131 2094 1192 2118 etc.

566 2133 606 2166 Id
621 2141 669 2167 est
681 2158 691 2174 ,
710 2135 826 2167 aversis
843 2135 1033 2167 numinibus
1048 2136 1194 2167 Parnassi

565 2184 622 2215 ubi
650 2184 724 2215 fons
740 2184 951 2227 Hippocrene
963 2208 973 2223 ,
988 2185 1080 2226 cnjus
1104 2195 1194 2227 aquae

566 2239 697 2264 oestrum
724 2233 828 2276 poetis
849 2233 1036 2276 subjiciunt.
1058 2233 1120 2265 En.
1146 2253 1195 2258 —

565 2282 599 2313 A
602 2294 680 2312 νει-,σο
685 2282 771 2322 simle
784 2294 915 2313 sororum
933 2283 1112 2324 Impositum.
1128 2281 1196 2314 Cur

565 2329 630 2362 hoc
646 2329 733 2363 dicat
752 2330 910 2362 Martialis
928 2331 1014 2362 varia
1035 2330 1196 2373 interpres

567 2379 706 2423 quisque
725 2380 931 2423 expositione
947 2379 1130 2423 explicavit.
1147 2398 1196 2405 —-

566 2428 630 2459 Alii
646 2428 830 2472 intelligunt
844 2428 885 2461 de
902 2429 1097 2472 syllabarum
1117 2440 1194 2460 con-

567 2477 707 2509 tumacia
726 2485 831 2509 metro
850 2478 1102 2520 repugnantium
1122 2488 1130 2509 :
1147 2485 1195 2509 at-

568 2532 678 2557 tamen
714 2537 777 2558 vox
811 2527 1001 2569 hippodamus
1032 2527 1065 2557 in
1100 2537 1196 2558 versu

567 2573 719 2614 hemico,
740 2583 771 2607 et
792 2575 952 2618 elegiam,
966 2575 1074 2607 multis
1091 2574 1126 2606 in
1147 2575 1194 2606 10-

567 2623 613 2655 cis
638 2624 748 2656 locum
773 2622 894 2656 lubere
919 2631 1038 2667 potest,
1067 2635 1126 2655 nec
1147 2631 1195 2655 est

569 2671 611 2703 de
637 2683 676 2703 eo
704 2671 796 2716 qnod
820 2671 861 2704 de
888 2673 1027 2712 Eur-ino,
1042 2672 1099 2705 lib.
1122 2671 1171 2703 lx
1185 2696 1195 2712 ,

568 2721 671 2765 epigr.
687 2732 740 2754 ιιι
752 2745 763 2762 ,
782 2732 847 2754 xm
857 2743 869 2762 ,
882 2728 917 2768 et
930 2733 985 2755 xiv
999 2734 1006 2752 :
1023 2733 1124 2765 quum
1138 2732 1196 2754 au-

1245 1988 1343 2022 minis
1359 1988 1529 2032 praesidem
1545 2013 1554 2031 ,
1577 1990 1700 2027 saxeum
1723 1989 1782 2021 sed
1800 2001 1879 2021 num

1247 2037 1380 2071 dixisset
1403 2039 1443 2070 ab
1464 2037 1580 2070 eodem
1600 2037 1780 2070 abhorrere
1807 2038 1880 2070 cat-

1247 2087 1358 2131 liopen
1375 2112 1384 2125 ,
1415 2088 1566 2119 carminis
1598 2087 1725 2118 heroici
1758 2086 1856 2118 deam
1870 2111 1880 2126 ,

1248 2147 1348 2179 quum
1364 2136 1453 2167 mille
1467 2136 1500 2167 in
1516 2135 1596 2167 locis
1611 2135 1778 2167 Homerus
1796 2136 1882 2168 hanc

1248 2196 1360 2216 vocem
1370 2193 1519 2228 usurpet,
1528 2193 1560 2216 et
1574 2184 1735 2227 Virgilius
1745 2195 1881 2228 quoque

1248 2233 1304 2265 ind
1309 2241 1381 2266 ucat
1388 2234 1573 2277 Messapum
1583 2245 1684 2278 equum
1694 2233 1878 2272 domitorem,

1249 2290 1310 2314 etc.
1328 2290 1452 2314 etc......
1470 2300 1519 2308 —-·
1534 2282 1602 2313 Nec
1620 2282 1722 2325 magis
1745 2281 1882 2325 adopta-

1248 2343 1317 2363 rem
1335 2331 1527 2363 sententiam
1546 2331 1664 2362 horum
1687 2330 1746 2374 qui
1762 2339 1883 2373 putant

1248 2380 1312 2412 hoc
1328 2392 1448 2412 nomen
1467 2380 1610 2423 aurigam
1632 2391 1748 2412 sonare
1767 2388 1801 2411 et
1816 2381 1882 2423 agi-

1250 2436 1387 2461 tutorem
1420 2440 1577 2472 equorum
1595 2452 1604 2467 ,
1638 2427 1727 2472 quod
1761 2441 1883 2461 munus

1250 2477 1488 2520 mancipiorum
1512 2485 1579 2517 est,
1606 2485 1639 2509 et
1662 2476 1738 2509 ideo
1766 2490 1883 2521 parum

1250 2527 1377 2558 bellum
1402 2535 1435 2559 et
1460 2527 1633 2558 honestum
1655 2537 1744 2563 esse.
1777 2538 1883 2571 quum

1249 2575 1312 2607 hoc
1322 2583 1449 2618 putasse
1463 2574 1643 2607 Pindarum
1655 2598 1664 2613 ,
1679 2575 1884 2613 Homerum.

1249 2624 1426 2667 Virgilium
1441 2624 1576 2656 minime
1591 2622 1733 2656 credam.
1750 2638 1800 2645 —
1815 2625 1891 2657 Boe

1248 2673 1347 2716 igitur
1359 2681 1484 2706 tantum
1499 2680 1646 2716 superest
1656 2696 1665 2711 ‚
1679 2680 1717 2705 ut
1729 2682 1889 2716 putemus

1248 2721 1332 2754 hanc
1359 2734 1472 2758 rocem
1494 2733 1511 2754 a
1537 2721 1686 2754 Martiale
1711 2721 1864 2756 damnari
1877 2746 1888 2764 ,
