<?xml version="1.0" encoding="UTF-8"?>
<!DOCTYPE html PUBLIC "-//W3C//DTD XHTML 1.0 Transitional//EN"
    "http://www.w3.org/TR/xhtml1/DTD/xhtml1-transitional.dtd">
<html xmlns="http://www.w3.org/1999/xhtml" xml:lang="en" lang="en">
 <head>
  <title>
</title>
<meta http-equiv="Content-Type" content="text/html;charset=utf-8" />
  <meta name='ocr-system' content='tesseract 3.04.00' />
  <meta name='ocr-capabilities' content='ocr_page ocr_carea ocr_par ocr_line ocrx_word'/>
</head>
<body>
  <div class='ocr_page' id='page_1' title='image "./mvmartialisepig00marcgoog/mvmartialisepig00marcgoog_0011.png"; bbox 0 0 2447 3518; ppageno 0'>
   <div class='ocr_carea' id='block_1_1' title="bbox 438 441 1767 459">
    <p class='ocr_par' dir='ltr' id='par_1_1' title="bbox 438 441 1767 459">
     <span class='ocr_line' id='line_1_1' title="bbox 438 441 1767 459; baseline 0.002 -6"><span class='ocrx_word' id='word_1_1' title='bbox 438 441 1767 459; x_wconf 49' lang='lat' dir='ltr'>mmmmmmmmmmmw</span> 
     </span>
    </p>
   </div>
   <div class='ocr_carea' id='block_1_2' title="bbox 448 605 1754 675">
    <p class='ocr_par' dir='ltr' id='par_1_2' title="bbox 448 605 1754 675">
     <span class='ocr_line' id='line_1_2' title="bbox 448 605 1754 675; baseline -0.001 -4"><span class='ocrx_word' id='word_1_2' title='bbox 448 606 915 671; x_wconf 90' lang='lat' dir='ltr'>EDITORIS</span> <span class='ocrx_word' id='word_1_3' title='bbox 963 605 1204 670; x_wconf 90' lang='lat' dir='ltr'>NOVI</span> <span class='ocrx_word' id='word_1_4' title='bbox 1248 609 1754 675; x_wconf 89' lang='lat' dir='ltr'><strong>PRAEFATIO.</strong></span> 
     </span>
    </p>
   </div>
   <div class='ocr_carea' id='block_1_3' title="bbox 1012 773 1230 789">
    <p class='ocr_par' dir='ltr' id='par_1_3' title="bbox 1012 773 1230 789">
     <span class='ocr_line' id='line_1_3' title="bbox 1012 773 1230 789; baseline 0 -2"><span class='ocrx_word' id='word_1_5' title='bbox 1012 773 1230 789; x_wconf 66' lang='lat'>-—-0-—-—</span> 
     </span>
    </p>
   </div>
   <div class='ocr_carea' id='block_1_4' title="bbox 436 875 1765 2686">
    <p class='ocr_par' dir='ltr' id='par_1_4' title="bbox 436 875 1765 2686">
     <span class='ocr_line' id='line_1_4' title="bbox 453 875 1763 964; baseline 0.004 -17"><span class='ocrx_word' id='word_1_6' title='bbox 453 875 565 947; x_wconf 79' lang='lat' dir='ltr'>AD</span> <span class='ocrx_word' id='word_1_7' title='bbox 592 903 842 960; x_wconf 89' lang='lat' dir='ltr'>optimorum</span> <span class='ocrx_word' id='word_1_8' title='bbox 870 901 1055 943; x_wconf 88' lang='lat' dir='ltr'>codicum</span> <span class='ocrx_word' id='word_1_9' title='bbox 1082 901 1202 943; x_wconf 84' lang='lat' dir='ltr'>fidem</span> <span class='ocrx_word' id='word_1_10' title='bbox 1231 902 1490 957; x_wconf 89' lang='lat' dir='ltr'>emendatus,</span> <span class='ocrx_word' id='word_1_11' title='bbox 1519 907 1763 964; x_wconf 87' lang='lat' dir='ltr'>optimarum</span> 
     </span>
     <span class='ocr_line' id='line_1_5' title="bbox 448 976 1763 1037; baseline 0.007 -19"><span class='ocrx_word' id='word_1_12' title='bbox 448 978 763 1020; x_wconf 79' lang='lat' dir='ltr'><strong>annotationum</strong></span> <span class='ocrx_word' id='word_1_13' title='bbox 784 977 899 1034; x_wconf 89' lang='lat' dir='ltr'>copia</span> <span class='ocrx_word' id='word_1_14' title='bbox 912 1009 924 1029; x_wconf 88' lang='lat'>,</span> <span class='ocrx_word' id='word_1_15' title='bbox 945 985 1142 1034; x_wconf 92' lang='lat' dir='ltr'>quantum</span> <span class='ocrx_word' id='word_1_16' title='bbox 1169 976 1257 1019; x_wconf 81' lang='lat' dir='ltr'>fieri</span> <span class='ocrx_word' id='word_1_17' title='bbox 1279 979 1432 1035; x_wconf 87' lang='lat' dir='ltr'>potuit,</span> <span class='ocrx_word' id='word_1_18' title='bbox 1458 978 1696 1037; x_wconf 86' lang='lat' dir='ltr'>illustratus,</span> <span class='ocrx_word' id='word_1_19' title='bbox 1715 999 1763 1028; x_wconf 90' lang='lat' dir='ltr'>ac</span> 
     </span>
     <span class='ocr_line' id='line_1_6' title="bbox 449 1050 1762 1111; baseline 0.005 -17"><span class='ocrx_word' id='word_1_20' title='bbox 449 1053 651 1110; x_wconf 82' lang='lat' dir='ltr'>pertinaci</span> <span class='ocrx_word' id='word_1_21' title='bbox 672 1050 907 1110; x_wconf 87' lang='lat' dir='ltr'>explanatus</span> <span class='ocrx_word' id='word_1_22' title='bbox 924 1050 1151 1109; x_wconf 81' lang='lat' dir='ltr'>diligentia,</span> <span class='ocrx_word' id='word_1_23' title='bbox 1176 1066 1227 1093; x_wconf 87' lang='lat' dir='ltr'>cn</span> <span class='ocrx_word' id='word_1_24' title='bbox 1251 1050 1385 1095; x_wconf 90' lang='lat' dir='ltr'>denuo</span> <span class='ocrx_word' id='word_1_25' title='bbox 1411 1055 1546 1111; x_wconf 85' lang='lat' dir='ltr'>prodit</span> <span class='ocrx_word' id='word_1_26' title='bbox 1569 1057 1611 1097; x_wconf 91' lang='lat' dir='ltr'>in</span> <span class='ocrx_word' id='word_1_27' title='bbox 1632 1056 1762 1102; x_wconf 86' lang='lat' dir='ltr'>lucem</span> 
     </span>
     <span class='ocr_line' id='line_1_7' title="bbox 448 1126 1765 1193; baseline 0.006 -24"><span class='ocrx_word' id='word_1_28' title='bbox 448 1129 793 1186; x_wconf 83' lang='lat' dir='ltr'>epigrammatum</span> <span class='ocrx_word' id='word_1_29' title='bbox 818 1142 998 1169; x_wconf 88' lang='lat' dir='ltr'>summus</span> <span class='ocrx_word' id='word_1_30' title='bbox 1021 1126 1161 1168; x_wconf 84' lang='lat' dir='ltr'>artifex</span> <span class='ocrx_word' id='word_1_31' title='bbox 1183 1127 1394 1170; x_wconf 86' lang='lat' dir='ltr'>Martialis.</span> <span class='ocrx_word' id='word_1_32' title='bbox 1415 1131 1498 1184; x_wconf 85' lang='lat' dir='ltr'>Qui</span> <span class='ocrx_word' id='word_1_33' title='bbox 1520 1131 1682 1188; x_wconf 91' lang='lat' dir='ltr'>quidem</span> <span class='ocrx_word' id='word_1_34' title='bbox 1704 1142 1765 1193; x_wconf 75' lang='lat' dir='ltr'>tot</span> 
     </span>
     <span class='ocr_line' id='line_1_8' title="bbox 448 1201 1764 1261; baseline 0.005 -16"><span class='ocrx_word' id='word_1_35' title='bbox 448 1213 490 1245; x_wconf 90' lang='lat' dir='ltr'>et</span> <span class='ocrx_word' id='word_1_36' title='bbox 518 1203 684 1246; x_wconf 84' lang='lat' dir='ltr'>tantillis</span> <span class='ocrx_word' id='word_1_37' title='bbox 716 1201 919 1261; x_wconf 85' lang='lat' dir='ltr'>opusculis</span> <span class='ocrx_word' id='word_1_38' title='bbox 946 1203 1029 1244; x_wconf 91' lang='lat' dir='ltr'>suis</span> <span class='ocrx_word' id='word_1_39' title='bbox 1053 1202 1212 1259; x_wconf 85' lang='lat' dir='ltr'>qualem</span> <span class='ocrx_word' id='word_1_40' title='bbox 1238 1211 1278 1245; x_wconf 91' lang='lat' dir='ltr'>et</span> <span class='ocrx_word' id='word_1_41' title='bbox 1303 1213 1494 1261; x_wconf 87' lang='lat' dir='ltr'>quantam</span> <span class='ocrx_word' id='word_1_42' title='bbox 1524 1206 1598 1249; x_wconf 85' lang='lat' dir='ltr'>sibi</span> <span class='ocrx_word' id='word_1_43' title='bbox 1621 1210 1764 1252; x_wconf 88' lang='lat' dir='ltr'>merito</span> 
     </span>
     <span class='ocr_line' id='line_1_9' title="bbox 447 1277 1762 1337; baseline 0.005 -16"><span class='ocrx_word' id='word_1_44' title='bbox 447 1277 622 1336; x_wconf 84' lang='lat' dir='ltr'>gloriam</span> <span class='ocrx_word' id='word_1_45' title='bbox 640 1278 845 1321; x_wconf 82' lang='lat' dir='ltr'>vindicare</span> <span class='ocrx_word' id='word_1_46' title='bbox 857 1278 1003 1336; x_wconf 86' lang='lat' dir='ltr'>possit,</span> <span class='ocrx_word' id='word_1_47' title='bbox 1021 1293 1150 1335; x_wconf 84' lang='lat' dir='ltr'>neque</span> <span class='ocrx_word' id='word_1_48' title='bbox 1165 1278 1232 1321; x_wconf 83' lang='lat' dir='ltr'>hic</span> <span class='ocrx_word' id='word_1_49' title='bbox 1248 1278 1539 1337; x_wconf 86' lang='lat' dir='ltr'>disputabimus</span> <span class='ocrx_word' id='word_1_50' title='bbox 1549 1316 1561 1337; x_wconf 93' lang='lat'>,</span> <span class='ocrx_word' id='word_1_51' title='bbox 1577 1292 1617 1326; x_wconf 90' lang='lat' dir='ltr'>et</span> <span class='ocrx_word' id='word_1_52' title='bbox 1630 1284 1762 1328; x_wconf 87' lang='lat' dir='ltr'>decla-</span> 
     </span>
     <span class='ocr_line' id='line_1_10' title="bbox 447 1353 1762 1412; baseline 0.006 -16"><span class='ocrx_word' id='word_1_53' title='bbox 447 1369 541 1396; x_wconf 87' lang='lat' dir='ltr'>rare</span> <span class='ocrx_word' id='word_1_54' title='bbox 559 1369 859 1412; x_wconf 87' lang='lat' dir='ltr'>supervacuum</span> <span class='ocrx_word' id='word_1_55' title='bbox 882 1354 970 1396; x_wconf 91' lang='lat' dir='ltr'>sine</span> <span class='ocrx_word' id='word_1_56' title='bbox 991 1355 1265 1396; x_wconf 86' lang='lat' dir='ltr'>controversia</span> <span class='ocrx_word' id='word_1_57' title='bbox 1289 1353 1393 1398; x_wconf 86' lang='lat' dir='ltr'>foret</span> <span class='ocrx_word' id='word_1_58' title='bbox 1413 1372 1423 1397; x_wconf 90' lang='lat'>:</span> <span class='ocrx_word' id='word_1_59' title='bbox 1442 1356 1511 1399; x_wconf 87' lang='lat' dir='ltr'>sed</span> <span class='ocrx_word' id='word_1_60' title='bbox 1534 1358 1762 1404; x_wconf 87' lang='lat' dir='ltr'>admonitos</span> 
     </span>
     <span class='ocr_line' id='line_1_11' title="bbox 444 1429 1762 1496; baseline 0.006 -24"><span class='ocrx_word' id='word_1_61' title='bbox 444 1429 622 1474; x_wconf 83' lang='lat' dir='ltr'>lectores</span> <span class='ocrx_word' id='word_1_62' title='bbox 637 1430 844 1485; x_wconf 86' lang='lat' dir='ltr'>volumus,</span> <span class='ocrx_word' id='word_1_63' title='bbox 865 1445 888 1472; x_wconf 90' lang='lat' dir='ltr'>e</span> <span class='ocrx_word' id='word_1_64' title='bbox 909 1430 1147 1472; x_wconf 82' lang='lat' dir='ltr'>Latinorum</span> <span class='ocrx_word' id='word_1_65' title='bbox 1165 1440 1375 1488; x_wconf 84' lang='lat' dir='ltr'>poetarum</span> <span class='ocrx_word' id='word_1_66' title='bbox 1398 1433 1654 1479; x_wconf 87' lang='lat' dir='ltr'>multitudine</span> <span class='ocrx_word' id='word_1_67' title='bbox 1667 1453 1762 1496; x_wconf 90' lang='lat' dir='ltr'>pau-</span> 
     </span>
     <span class='ocr_line' id='line_1_12' title="bbox 445 1506 1760 1563; baseline 0.006 -14"><span class='ocrx_word' id='word_1_68' title='bbox 445 1522 521 1549; x_wconf 89' lang='lat' dir='ltr'>cos</span> <span class='ocrx_word' id='word_1_69' title='bbox 543 1506 763 1549; x_wconf 88' lang='lat' dir='ltr'>admodum</span> <span class='ocrx_word' id='word_1_70' title='bbox 795 1520 880 1548; x_wconf 86' lang='lat' dir='ltr'>esse</span> <span class='ocrx_word' id='word_1_71' title='bbox 909 1521 1011 1563; x_wconf 88' lang='lat' dir='ltr'>quos</span> <span class='ocrx_word' id='word_1_72' title='bbox 1048 1507 1176 1563; x_wconf 82' lang='lat' dir='ltr'>magis</span> <span class='ocrx_word' id='word_1_73' title='bbox 1202 1507 1252 1548; x_wconf 92' lang='lat' dir='ltr'>sit</span> <span class='ocrx_word' id='word_1_74' title='bbox 1285 1510 1555 1553; x_wconf 86' lang='lat' dir='ltr'>necessarium</span> <span class='ocrx_word' id='word_1_75' title='bbox 1585 1514 1692 1556; x_wconf 89' lang='lat' dir='ltr'>notis</span> <span class='ocrx_word' id='word_1_76' title='bbox 1718 1523 1760 1557; x_wconf 92' lang='lat' dir='ltr'>et</span> 
     </span>
     <span class='ocr_line' id='line_1_13' title="bbox 442 1580 1759 1646; baseline 0.007 -24"><span class='ocrx_word' id='word_1_77' title='bbox 442 1583 781 1639; x_wconf 79' lang='lat' dir='ltr'>interpretatione</span> <span class='ocrx_word' id='word_1_78' title='bbox 794 1581 909 1639; x_wconf 85' lang='lat' dir='ltr'>quasi</span> <span class='ocrx_word' id='word_1_79' title='bbox 925 1589 1118 1638; x_wconf 89' lang='lat' dir='ltr'>perpetua</span> <span class='ocrx_word' id='word_1_80' title='bbox 1133 1580 1342 1639; x_wconf 81' lang='lat' dir='ltr'>explicari,</span> <span class='ocrx_word' id='word_1_81' title='bbox 1356 1598 1407 1625; x_wconf 85' lang='lat' dir='ltr'>ue</span> <span class='ocrx_word' id='word_1_82' title='bbox 1426 1582 1643 1641; x_wconf 87' lang='lat' dir='ltr'>legentium</span> <span class='ocrx_word' id='word_1_83' title='bbox 1664 1588 1759 1646; x_wconf 89' lang='lat' dir='ltr'>plu-</span> 
     </span>
     <span class='ocr_line' id='line_1_14' title="bbox 442 1656 1760 1716; baseline 0.005 -17"><span class='ocrx_word' id='word_1_84' title='bbox 442 1658 574 1700; x_wconf 89' lang='lat' dir='ltr'>rimos</span> <span class='ocrx_word' id='word_1_85' title='bbox 594 1658 793 1716; x_wconf 82' lang='lat' dir='ltr'>genuinus</span> <span class='ocrx_word' id='word_1_86' title='bbox 817 1671 957 1699; x_wconf 87' lang='lat' dir='ltr'>sensus</span> <span class='ocrx_word' id='word_1_87' title='bbox 981 1665 1052 1698; x_wconf 92' lang='lat' dir='ltr'>aut</span> <span class='ocrx_word' id='word_1_88' title='bbox 1075 1656 1187 1698; x_wconf 86' lang='lat' dir='ltr'>tarde</span> <span class='ocrx_word' id='word_1_89' title='bbox 1213 1657 1388 1710; x_wconf 82' lang='lat' dir='ltr'>afficiat,</span> <span class='ocrx_word' id='word_1_90' title='bbox 1411 1668 1482 1701; x_wconf 88' lang='lat' dir='ltr'>aut</span> <span class='ocrx_word' id='word_1_91' title='bbox 1509 1663 1675 1705; x_wconf 87' lang='lat' dir='ltr'>omnino</span> <span class='ocrx_word' id='word_1_92' title='bbox 1701 1664 1760 1706; x_wconf 86' lang='lat' dir='ltr'>ef-</span> 
     </span>
     <span class='ocr_line' id='line_1_15' title="bbox 443 1731 1756 1791; baseline 0.005 -16"><span class='ocrx_word' id='word_1_93' title='bbox 443 1732 588 1791; x_wconf 82' lang='lat' dir='ltr'>fugiat.</span> <span class='ocrx_word' id='word_1_94' title='bbox 603 1734 656 1775; x_wconf 90' lang='lat' dir='ltr'>Et</span> <span class='ocrx_word' id='word_1_95' title='bbox 677 1731 774 1774; x_wconf 88' lang='lat' dir='ltr'>illud</span> <span class='ocrx_word' id='word_1_96' title='bbox 791 1731 973 1790; x_wconf 87' lang='lat' dir='ltr'>quidem,</span> <span class='ocrx_word' id='word_1_97' title='bbox 993 1732 1024 1773; x_wconf 89' lang='lat' dir='ltr'>si</span> <span class='ocrx_word' id='word_1_98' title='bbox 1038 1733 1126 1789; x_wconf 90' lang='lat' dir='ltr'>quis</span> <span class='ocrx_word' id='word_1_99' title='bbox 1143 1747 1312 1790; x_wconf 87' lang='lat' dir='ltr'>usquam</span> <span class='ocrx_word' id='word_1_100' title='bbox 1333 1733 1528 1776; x_wconf 84' lang='lat' dir='ltr'>eruditior</span> <span class='ocrx_word' id='word_1_101' title='bbox 1546 1736 1682 1791; x_wconf 81' lang='lat' dir='ltr'>simul,</span> <span class='ocrx_word' id='word_1_102' title='bbox 1697 1749 1756 1781; x_wconf 89' lang='lat' dir='ltr'>at·</span> 
     </span>
     <span class='ocr_line' id='line_1_16' title="bbox 442 1808 1756 1868; baseline 0.005 -16"><span class='ocrx_word' id='word_1_103' title='bbox 442 1825 526 1868; x_wconf 87' lang='lat' dir='ltr'>que</span> <span class='ocrx_word' id='word_1_104' title='bbox 552 1809 762 1852; x_wconf 83' lang='lat' dir='ltr'>delicatior</span> <span class='ocrx_word' id='word_1_105' title='bbox 788 1810 829 1851; x_wconf 92' lang='lat' dir='ltr'>in</span> <span class='ocrx_word' id='word_1_106' title='bbox 851 1808 1070 1866; x_wconf 89' lang='lat' dir='ltr'>judicando</span> <span class='ocrx_word' id='word_1_107' title='bbox 1098 1810 1183 1862; x_wconf 88' lang='lat' dir='ltr'>vir,</span> <span class='ocrx_word' id='word_1_108' title='bbox 1210 1808 1274 1851; x_wconf 91' lang='lat' dir='ltr'>ille</span> <span class='ocrx_word' id='word_1_109' title='bbox 1300 1810 1512 1853; x_wconf 88' lang='lat' dir='ltr'>nobiscum</span> <span class='ocrx_word' id='word_1_110' title='bbox 1540 1813 1756 1868; x_wconf 82' lang='lat' dir='ltr'>fatebitur3</span> 
     </span>
     <span class='ocr_line' id='line_1_17' title="bbox 442 1884 1754 1948; baseline 0.005 -21"><span class='ocrx_word' id='word_1_111' title='bbox 442 1885 518 1928; x_wconf 86' lang='lat' dir='ltr'>sed</span> <span class='ocrx_word' id='word_1_112' title='bbox 553 1886 592 1927; x_wconf 88' lang='lat' dir='ltr'>id</span> <span class='ocrx_word' id='word_1_113' title='bbox 624 1900 702 1943; x_wconf 87' lang='lat' dir='ltr'>qua</span> <span class='ocrx_word' id='word_1_114' title='bbox 734 1886 889 1927; x_wconf 85' lang='lat' dir='ltr'>ratione</span> <span class='ocrx_word' id='word_1_115' title='bbox 915 1899 1001 1927; x_wconf 89' lang='lat' dir='ltr'>esse</span> <span class='ocrx_word' id='word_1_116' title='bbox 1029 1885 1178 1942; x_wconf 82' lang='lat' dir='ltr'>possit,</span> <span class='ocrx_word' id='word_1_117' title='bbox 1199 1884 1361 1942; x_wconf 86' lang='lat' dir='ltr'>quidam</span> <span class='ocrx_word' id='word_1_118' title='bbox 1388 1886 1554 1929; x_wconf 83' lang='lat' dir='ltr'>forsitan</span> <span class='ocrx_word' id='word_1_119' title='bbox 1578 1901 1754 1948; x_wconf 87' lang='lat' dir='ltr'>rogent:</span> 
     </span>
     <span class='ocr_line' id='line_1_18' title="bbox 442 1959 1755 2021; baseline 0.005 -18"><span class='ocrx_word' id='word_1_120' title='bbox 442 1976 580 2019; x_wconf 88' lang='lat' dir='ltr'>neque</span> <span class='ocrx_word' id='word_1_121' title='bbox 606 1961 713 2003; x_wconf 88' lang='lat' dir='ltr'>enim</span> <span class='ocrx_word' id='word_1_122' title='bbox 733 1961 779 2003; x_wconf 90' lang='lat' dir='ltr'>iis</span> <span class='ocrx_word' id='word_1_123' title='bbox 800 1961 907 2002; x_wconf 89' lang='lat' dir='ltr'>vitiis</span> <span class='ocrx_word' id='word_1_124' title='bbox 926 1959 1153 2002; x_wconf 84' lang='lat' dir='ltr'>Martialem</span> <span class='ocrx_word' id='word_1_125' title='bbox 1174 1959 1357 2003; x_wconf 87' lang='lat' dir='ltr'>laborare</span> <span class='ocrx_word' id='word_1_126' title='bbox 1375 1960 1536 2016; x_wconf 86' lang='lat' dir='ltr'>dixeris,</span> <span class='ocrx_word' id='word_1_127' title='bbox 1554 1980 1644 2021; x_wconf 83' lang='lat' dir='ltr'>quae</span> <span class='ocrx_word' id='word_1_128' title='bbox 1662 1966 1755 2009; x_wconf 91' lang='lat' dir='ltr'>sub-</span> 
     </span>
     <span class='ocr_line' id='line_1_19' title="bbox 440 2037 1759 2100; baseline 0.004 -18"><span class='ocrx_word' id='word_1_129' title='bbox 440 2039 643 2082; x_wconf 89' lang='lat' dir='ltr'>obscuros</span> <span class='ocrx_word' id='word_1_130' title='bbox 668 2054 847 2097; x_wconf 80' lang='lat' dir='ltr'>persaepe</span> <span class='ocrx_word' id='word_1_131' title='bbox 873 2047 1012 2096; x_wconf 89' lang='lat' dir='ltr'>poetas</span> <span class='ocrx_word' id='word_1_132' title='bbox 1037 2037 1220 2081; x_wconf 82' lang='lat' dir='ltr'>efficiunt</span> <span class='ocrx_word' id='word_1_133' title='bbox 1237 2054 1249 2092; x_wconf 89' lang='lat'>;</span> <span class='ocrx_word' id='word_1_134' title='bbox 1266 2039 1415 2097; x_wconf 86' lang='lat' dir='ltr'>quippe</span> <span class='ocrx_word' id='word_1_135' title='bbox 1442 2041 1512 2098; x_wconf 89' lang='lat' dir='ltr'>qui</span> <span class='ocrx_word' id='word_1_136' title='bbox 1534 2057 1664 2100; x_wconf 89' lang='lat' dir='ltr'>neque</span> <span class='ocrx_word' id='word_1_137' title='bbox 1688 2045 1759 2087; x_wconf 88' lang='lat' dir='ltr'>ob·</span> 
     </span>
     <span class='ocr_line' id='line_1_20' title="bbox 440 2113 1755 2172; baseline 0.004 -16"><span class='ocrx_word' id='word_1_138' title='bbox 440 2113 594 2158; x_wconf 90' lang='lat' dir='ltr'>soletas</span> <span class='ocrx_word' id='word_1_139' title='bbox 626 2123 666 2156; x_wconf 92' lang='lat' dir='ltr'>et</span> <span class='ocrx_word' id='word_1_140' title='bbox 699 2115 883 2172; x_wconf 87' lang='lat' dir='ltr'>antiquas</span> <span class='ocrx_word' id='word_1_141' title='bbox 909 2122 950 2155; x_wconf 85' lang='lat' dir='ltr'>et</span> <span class='ocrx_word' id='word_1_142' title='bbox 977 2114 1121 2156; x_wconf 90' lang='lat' dir='ltr'>merito</span> <span class='ocrx_word' id='word_1_143' title='bbox 1147 2114 1393 2171; x_wconf 86' lang='lat' dir='ltr'>antiquatas,</span> <span class='ocrx_word' id='word_1_144' title='bbox 1420 2124 1490 2157; x_wconf 85' lang='lat' dir='ltr'>aut</span> <span class='ocrx_word' id='word_1_145' title='bbox 1519 2131 1658 2172; x_wconf 89' lang='lat' dir='ltr'>voces,</span> <span class='ocrx_word' id='word_1_146' title='bbox 1685 2129 1755 2163; x_wconf 90' lang='lat' dir='ltr'>aut</span> 
     </span>
     <span class='ocr_line' id='line_1_21' title="bbox 438 2188 1753 2252; baseline 0.005 -19"><span class='ocrx_word' id='word_1_147' title='bbox 438 2190 639 2249; x_wconf 90' lang='lat' dir='ltr'>loquendi</span> <span class='ocrx_word' id='word_1_148' title='bbox 651 2189 863 2243; x_wconf 86' lang='lat' dir='ltr'>formulas,</span> <span class='ocrx_word' id='word_1_149' title='bbox 877 2198 923 2232; x_wconf 89' lang='lat' dir='ltr'>ut</span> <span class='ocrx_word' id='word_1_150' title='bbox 934 2188 1099 2232; x_wconf 88' lang='lat' dir='ltr'>Plautus</span> <span class='ocrx_word' id='word_1_151' title='bbox 1109 2222 1121 2241; x_wconf 90' lang='lat'>,</span> <span class='ocrx_word' id='word_1_152' title='bbox 1132 2190 1300 2243; x_wconf 78' lang='lat' dir='ltr'>habeat3</span> <span class='ocrx_word' id='word_1_153' title='bbox 1314 2206 1444 2249; x_wconf 88' lang='lat' dir='ltr'>neque</span> <span class='ocrx_word' id='word_1_154' title='bbox 1458 2201 1528 2234; x_wconf 88' lang='lat' dir='ltr'>aut</span> <span class='ocrx_word' id='word_1_155' title='bbox 1537 2208 1669 2252; x_wconf 83' lang='lat' dir='ltr'>asper,</span> <span class='ocrx_word' id='word_1_156' title='bbox 1682 2205 1753 2238; x_wconf 89' lang='lat' dir='ltr'>aut</span> 
     </span>
     <span class='ocr_line' id='line_1_22' title="bbox 437 2266 1754 2326; baseline 0.005 -18"><span class='ocrx_word' id='word_1_157' title='bbox 437 2266 602 2319; x_wconf 85' lang='lat' dir='ltr'>audax,</span> <span class='ocrx_word' id='word_1_158' title='bbox 627 2275 697 2309; x_wconf 88' lang='lat' dir='ltr'>aut</span> <span class='ocrx_word' id='word_1_159' title='bbox 718 2281 878 2324; x_wconf 89' lang='lat' dir='ltr'>pressus</span> <span class='ocrx_word' id='word_1_160' title='bbox 904 2266 1024 2309; x_wconf 88' lang='lat' dir='ltr'>nimis</span> <span class='ocrx_word' id='word_1_161' title='bbox 1053 2266 1091 2308; x_wconf 93' lang='lat' dir='ltr'>in</span> <span class='ocrx_word' id='word_1_162' title='bbox 1116 2266 1389 2309; x_wconf 89' lang='lat' dir='ltr'>construendo</span> <span class='ocrx_word' id='word_1_163' title='bbox 1409 2267 1459 2309; x_wconf 91' lang='lat' dir='ltr'>sit</span> <span class='ocrx_word' id='word_1_164' title='bbox 1475 2300 1487 2320; x_wconf 97' lang='lat'>‚</span> <span class='ocrx_word' id='word_1_165' title='bbox 1513 2269 1660 2326; x_wconf 87' lang='lat' dir='ltr'>quibus</span> <span class='ocrx_word' id='word_1_166' title='bbox 1685 2273 1754 2314; x_wconf 78' lang='lat' dir='ltr'>vix</span> 
     </span>
     <span class='ocr_line' id='line_1_23' title="bbox 436 2341 1749 2400; baseline 0.005 -17"><span class='ocrx_word' id='word_1_167' title='bbox 436 2344 686 2399; x_wconf 82' lang='lat' dir='ltr'>Aquinatem</span> <span class='ocrx_word' id='word_1_168' title='bbox 707 2341 1065 2400; x_wconf 84' lang='lat' dir='ltr'>satyrographum,</span> <span class='ocrx_word' id='word_1_169' title='bbox 1087 2349 1158 2383; x_wconf 91' lang='lat' dir='ltr'>aut</span> <span class='ocrx_word' id='word_1_170' title='bbox 1181 2343 1415 2394; x_wconf 86' lang='lat' dir='ltr'>Horatium,</span> <span class='ocrx_word' id='word_1_171' title='bbox 1442 2352 1512 2385; x_wconf 89' lang='lat' dir='ltr'>aut</span> <span class='ocrx_word' id='word_1_172' title='bbox 1538 2344 1749 2390; x_wconf 89' lang='lat' dir='ltr'>sublimem</span> 
     </span>
     <span class='ocr_line' id='line_1_24' title="bbox 436 2417 1749 2475; baseline 0.003 -16"><span class='ocrx_word' id='word_1_173' title='bbox 436 2418 630 2460; x_wconf 87' lang='lat' dir='ltr'>Tacitum</span> <span class='ocrx_word' id='word_1_174' title='bbox 643 2450 655 2471; x_wconf 93' lang='lat'><strong>‚</strong></span> <span class='ocrx_word' id='word_1_175' title='bbox 689 2417 901 2460; x_wconf 88' lang='lat' dir='ltr'>miratores</span> <span class='ocrx_word' id='word_1_176' title='bbox 936 2431 1137 2475; x_wconf 89' lang='lat' dir='ltr'>quemque</span> <span class='ocrx_word' id='word_1_177' title='bbox 1173 2417 1233 2459; x_wconf 87' lang='lat' dir='ltr'>sui</span> <span class='ocrx_word' id='word_1_178' title='bbox 1250 2449 1261 2467; x_wconf 94' lang='lat'>,</span> <span class='ocrx_word' id='word_1_179' title='bbox 1304 2417 1519 2460; x_wconf 89' lang='lat' dir='ltr'>identidem</span> <span class='ocrx_word' id='word_1_180' title='bbox 1568 2419 1749 2464; x_wconf 87' lang='lat' dir='ltr'>absolve-</span> 
     </span>
     <span class='ocr_line' id='line_1_25' title="bbox 436 2490 1750 2550; baseline 0.004 -16"><span class='ocrx_word' id='word_1_181' title='bbox 436 2493 556 2544; x_wconf 89' lang='lat' dir='ltr'>rint;</span> <span class='ocrx_word' id='word_1_182' title='bbox 581 2506 736 2550; x_wconf 89' lang='lat' dir='ltr'>neque,</span> <span class='ocrx_word' id='word_1_183' title='bbox 762 2500 809 2533; x_wconf 88' lang='lat' dir='ltr'>ut</span> <span class='ocrx_word' id='word_1_184' title='bbox 832 2490 1022 2549; x_wconf 88' lang='lat' dir='ltr'>Delphici</span> <span class='ocrx_word' id='word_1_185' title='bbox 1049 2499 1090 2533; x_wconf 89' lang='lat' dir='ltr'>et</span> <span class='ocrx_word' id='word_1_186' title='bbox 1114 2490 1295 2548; x_wconf 86' lang='lat' dir='ltr'>Sibyllini</span> <span class='ocrx_word' id='word_1_187' title='bbox 1322 2491 1515 2549; x_wconf 85' lang='lat' dir='ltr'>Apollinis</span> <span class='ocrx_word' id='word_1_188' title='bbox 1540 2494 1750 2539; x_wconf 74' lang='lat' dir='ltr'>aemulator</span> 
     </span>
     <span class='ocr_line' id='line_1_26' title="bbox 437 2566 1749 2626; baseline 0.003 -16"><span class='ocrx_word' id='word_1_189' title='bbox 437 2568 603 2610; x_wconf 88' lang='lat' dir='ltr'>Persius</span> <span class='ocrx_word' id='word_1_190' title='bbox 618 2601 629 2618; x_wconf 87' lang='lat'>,</span> <span class='ocrx_word' id='word_1_191' title='bbox 658 2566 845 2609; x_wconf 85' lang='lat' dir='ltr'>tenebras</span> <span class='ocrx_word' id='word_1_192' title='bbox 869 2576 910 2609; x_wconf 89' lang='lat' dir='ltr'>et</span> <span class='ocrx_word' id='word_1_193' title='bbox 937 2566 1147 2625; x_wconf 85' lang='lat' dir='ltr'>caliginem</span> <span class='ocrx_word' id='word_1_194' title='bbox 1175 2566 1356 2609; x_wconf 81' lang='lat' dir='ltr'>versibus</span> <span class='ocrx_word' id='word_1_195' title='bbox 1390 2569 1470 2610; x_wconf 91' lang='lat' dir='ltr'>suis</span> <span class='ocrx_word' id='word_1_196' title='bbox 1497 2579 1640 2626; x_wconf 88' lang='lat' dir='ltr'>sponte</span> <span class='ocrx_word' id='word_1_197' title='bbox 1666 2574 1749 2614; x_wconf 91' lang='lat' dir='ltr'>cir-</span> 
     </span>
     <span class='ocr_line' id='line_1_27' title="bbox 437 2641 867 2686; baseline -0.007 0"><span class='ocrx_word' id='word_1_198' title='bbox 437 2642 639 2686; x_wconf 86' lang='lat' dir='ltr'>cumdare</span> <span class='ocrx_word' id='word_1_199' title='bbox 665 2641 867 2685; x_wconf 90' lang='lat' dir='ltr'>moliatur.</span> 
     </span>
    </p>
   </div>
   <div class='ocr_carea' id='block_1_5' title="bbox 508 2721 1528 2762">
    <p class='ocr_par' dir='ltr' id='par_1_5' title="bbox 508 2721 1528 2762">
     <span class='ocr_line' id='line_1_28' title="bbox 508 2721 1528 2762; baseline -0.002 0"><span class='ocrx_word' id='word_1_200' title='bbox 508 2721 543 2762; x_wconf 84' lang='lat' dir='ltr'>J.</span> <span class='ocrx_word' id='word_1_201' title='bbox 1505 2732 1528 2760; x_wconf 83' lang='lat' dir='ltr'>a</span> 
     </span>
    </p>
   </div>
  </div>
 </body>
</html>
