2447 3518
566 1818 720 1861 inient-ru
727 1841 737 1858 ,
747 1814 936 1861 prodigium
945 1816 1080 1849 omnino
1095 1816 1193 1849 iunu-

568 1866 698 1905 ditum.
710 1866 762 1900 *rel
779 1866 890 1900 saltem
909 1866 1019 1898 multis
1036 1876 1051 1898 ιι
1069 1866 1195 1898 mulis

568 1915 742 1959 repetitum
754 1938 763 1953 ,
776 1914 981 1946 mirantibus.
995 1914 1065 1946 Hoc
1077 1914 1194 1947 exstin-

570 1972 642 1997 ctus
662 1971 709 1996 est
725 1962 987 2005 diligentissimus
1003 1970 1126 2001 naturai
1144 1963 1194 1994 in-

571 2012 705 2055 dagator
721 2034 731 2050 ,
759 2012 904 2051 Plinius,
937 2012 1020 2044 sieut
1043 2012 1123 2043 vixit
1151 2012 1195 2043 ita

572 2060 712 2093 moriens
719 2084 727 2099 ‚
739 2071 847 2092 rerum
860 2072 969 2092 causas
977 2059 1196 2104 explorando;

573 2111 666 2153 cujus
680 2120 791 2140 casum
808 2117 953 2141 accurate
967 2108 1120 2141 describit
1134 2109 1198 2151 Pti-

573 2158 648 2190 nius
665 2157 791 2201 junior,
814 2158 871 2189 lib.
886 2158 954 2197 vl,
978 2158 1114 2201 epistola
1133 2160 1175 2190 16
1188 2182 1197 2198 ,

575 2205 617 2239 ad
628 2207 789 2239 Tacitum.
805 2207 869 2243 En.

629 2267 659 2289 1.
681 2254 803 2286 Vesbius
816 2256 850 2287 in
867 2254 992 2288 iisdem.
1008 2275 1057 2281 —-
1076 2255 1199 2298 Pampi-

575 2306 636 2336 neis
649 2303 803 2336 viridis....
822 2304 940 2337 umbris.
950 2303 991 2336 Id
1005 2312 1070 2342 est,
1085 2303 1200 2336 viridis

575 2353 737 2396 pampinis
758 2353 965 2393 umbriferis;
985 2353 1031 2385 sic
1049 2364 1108 2396 per
1129 2364 1200 2385 me-

577 2402 757 2444 tonymiam
769 2401 967 2434 viriditatem
978 2426 988 2440 .‚
1004 2413 1074 2445 quae
1092 2400 1132 2433 ad
1151 2402 1200 2433 vi·

578 2458 642 2482 tem
662 2451 805 2492 pertinet
816 2474 826 2490 ‚
844 2450 959 2482 tribuit
970 2451 1096 2482 umbra
1105 2474 1114 2489 ‚
1128 2461 1202 2494 quae

578 2511 706 2542 semper
732 2499 833 2542 nigra.
860 2499 921 2531 En.
947 2520 995 2525 —
1023 2499 1200 2541 Pampineis.

578 2549 653 2580 Non
672 2547 808 2591 priscam
827 2548 1027 2581 fertilitatem
1045 2546 1203 2580 dedidicit

579 2597 762 2637 vesuvius,
777 2597 880 2629 multo
903 2597 983 2629 vino
1005 2596 1093 2641 quod
1111 2597 1202 2629 Grae-

580 2657 655 2678 cum
684 2653 819 2678 vocatur
830 2670 839 2686 ,
867 2647 984 2678 nostris
1012 2645 1126 2678 diebus
1148 2658 1202 2678 co-

580 2694 699 2738 piosus.
718 2694 777 2726 En.
799 2715 845 2720 --
865 2696 977 2727 Viridis
996 2696 1088 2727 modo.
1108 2695 1202 2727 Nunc

331 3186 366 3221 'f
493 3139 574 3260 ἱ

323 3218 330 3230 f

1244 1814 1352 1849 ficiem
1374 1816 1518 1849 :minem
1531 1841 1543 1858 ‚
1563 1824 1597 1849 et
1619 1829 1655 1849 e:
1681 1829 1768 1849 annu
1783 1817 1817 1849 J.
1834 1817 1871 1849 C.

1248 1876 1293 1907 :¹9
1320 1863 1359 1898 nd
1389 1876 1509 1898 aunum
1540 1876 1629 1908 17:1⁹9
1645 1890 1655 1904 ,
1682 1866 1815 1909 triginta
1842 1871 1874 1898 e!

1245 1914 1350 1945 tribus
1370 1914 1597 1957 eruptionibus
1614 1914 1758 1946 celebris.
1778 1914 1874 1945 Hune

1246 1974 1350 2006 prope
1371 1962 1571 2005 recolligitur
1591 1962 1704 1994 vinum
1720 1970 1873 1995 vocatum

1248 2012 1393 2054 Lacr-yma
1412 2011 1541 2049 Christe,
1557 2023 1613 2043 sua
1630 2012 1714 2043 sama
1727 2023 1794 2043 nou
1808 2023 1875 2043 om-

1248 2060 1328 2091 nino
1341 2058 1487 2102 dignum.
1506 2060 1555 2091 De
1573 2059 1637 2092 hoc
1650 2059 1727 2092 vide
1740 2060 1874 2092 Sueten.

1249 2109 1283 2140 in
1299 2108 1377 2140 Tito
1388 2132 1398 2147 ,
1414 2119 1484 2152 cap.
1507 2110 1527 2142 8
1541 2129 1551 2143 ς
1571 2109 1711 2141 Statium
1722 2133 1732 2149 ,
1742 2108 1856 2142 Silium
1868 2132 1880 2145 .

1250 2157 1390 2189 Dionem
1401 2180 1410 2196 ,
1436 2157 1612 2190 Eusebium
1625 2181 1634 2197 ‚
1652 2166 1714 2190 etc.
1733 2158 1849 2189 Florus
1865 2168 1874 2189 :

1256 2221 1270 2234 ι
1289 2206 1352 2237 Hic
1370 2206 1481 2238 amicti
1498 2206 1617 2238 vitibus
1640 2215 1768 2239 montes
1787 2207 1875 2239 Gau-

1251 2266 1317 2293 rus,
1332 2253 1485 2286 Falernus
1493 2278 1501 2293 ,
1508 2255 1662 2287 Massicus
1670 2278 1680 2295 ,
1690 2256 1879 2300 etpulcher·

1251 2303 1354 2334 rimus
1383 2303 1552 2344 omnium,
1571 2304 1754 2344 Vesuvius,
1773 2306 1880 2336 AEtnae

1253 2352 1405 2384 imitator.
1423 2368 1435 2379 ι
1458 2353 1520 2385 En.

1305 2413 1336 2433 α.
1354 2401 1516 2434 Presserat.
1532 2401 1745 2445 oppleverat.
1757 2422 1807 2427 —
1818 2402 1884 2434 La-

1254 2461 1314 2482 cus.
1334 2449 1533 2482 Torcularia.
1553 2450 1628 2482 Sive
1648 2450 1792 2493 intellige
1810 2462 1883 2483 vasa

1256 2510 1328 2542 quae
1359 2499 1525 2542 excipiunt
1559 2500 1671 2531 vinum
1685 2523 1693 2538 ‚
1729 2500 1883 2531 torculari

1256 2558 1451 2591 expressum.
1478 2546 1564 2580 Vide
1584 2548 1642 2580 lib.
1666 2548 1751 2589 vn,
1780 2549 1881 2592 epigr.

1256 2607 1382 2636 xxvm,
1397 2607 1440 2628 vs.
1462 2600 1494 2635 4.

1308 2646 1338 2678 3.
1347 2645 1472 2677 Beverl.
1482 2645 1554 2678 MS.
1564 2646 1649 2678 modo
1657 2646 1791 2678 Bacchus
1803 2657 1883 2676 ama·

1257 2696 1312 2726 vit.
1330 2714 1378 2720 —
1390 2695 1552 2737 Ha’cjnga
1570 2720 1578 2732 ‚
1598 2702 1657 2727 etc.
1675 2694 1727 2725 Oh
1745 2694 1813 2726 viui
1826 2706 1881 2725 no-
