2447 3518
671 482 1220 525 EPIGRAMMATUM
1253 484 1369 525 LIB.
1406 485 1486 526 lv.

1638 486 1732 544 479

890 630 1248 684 LXXXIII.

935 774 994 802 sn
1030 755 1215 803 nurum.⁴¹

421 897 516 938 Hos
542 896 703 953 quoque
726 893 969 936 commenda
991 891 1212 946 Venuleio,
1235 895 1363 949 Rufe,
1385 895 1539 940 libellos
1559 914 1568 939 :

488 962 669 1018 Imputet
690 969 731 1001 et
750 959 867 1001 nobis
887 959 968 1001 otia
990 951 1139 1016 par’va‚
1162 974 1285 1017 roga3

419 1027 644 1067 Immemor
669 1034 710 1067 et
736 1024 899 1083 paulum
929 1038 1141 1075 curarum,
1166 1040 1418 1083 operumque
1446 1042 1633 1080 suorum,

487 1090 582 1133 Non
608 1091 751 1132 tetrica
779 1105 908 1147 nugas
931 1089 1065 1147 exigat
1090 1104 1188 1132 aure
1214 1106 1337 1133 meas.

419 1155 498 1198 Sed
516 1172 591 1198 uec
610 1165 702 1214 post
720 1156 896 1213 primum
914 1153 1022 1213 legat
1038 1154 1144 1204 haec,
1164 1170 1420 1198 summumve
1438 1159 1646 1212 trientem3
1715 1179 1729 1200 ε,

485 1221 565 1263 Sed
584 1237 657 1263 sua
674 1236 799 1279 quum
821 1220 977 1263 medius
996 1218 1132 1277 praelia
1147 1221 1330 1264 Bacchus
1348 1232 1468 1264 amat.

469 1356 485 1369 “
502 1356 606 1396 Rufo,
628 1355 668 1388 ad
693 1366 791 1399 quem
814 1354 1044 1398 epigrammata

420 1405 523 1437 multa
541 1404 670 1449 scripsit
685 1402 778 1442 (vide
796 1403 853 1436 lib.
873 1404 923 1443 11,
939 1403 1042 1447 epigr.

419 1465 473 1494 xl,
490 1465 568 1487 xxix
589 1462 622 1486 et
638 1464 764 1492 ηνιιη
782 1452 840 1484 lib.
859 1452 919 1492 IV,
940 1453 1042 1496 epigr.

420 1514 506 1543 nu,
524 1502 625 1541 etc.)‚
641 1503 760 1534 librum
780 1501 911 1534 tertium
926 1502 1044 1533 Noster

419 1552 550 1584 miserat
571 1550 584 1592 (
601 1550 677 1583 vide
696 1551 752 1583 lib.
777 1550 845 1590 111,
858 1550 960 1594 epigr.
981 1547 1020 1587 c)
1034 1574 1044 1590 ‚

420 1613 495 1634 eum
525 1599 670 1644 rogando
695 1599 774 1636 (lib.
795 1600 866 1638 ΙΙΙ,
888 1600 1043 1642 epigram.

419 1645 536 1691 xcvn)
563 1657 599 1682 ut
625 1656 753 1682 caveret
775 1659 818 1680 ne
843 1649 1005 1691 legeretur
1025 1659 1043 1681 a

419 1699 565 1732 Chione:
579 1710 668 1730 nunc
684 1697 791 1731 eidem
809 1698 909 1729 mittit
923 1698 1042 1729 librum

418 1755 592 1793 quartum,
614 1755 647 1780 et
670 1746 758 1779 aliud
786 1753 898 1790 rogat,
923 1746 1044 1778 scilicet

418 1805 457 1830 ut
483 1797 647 1830 Venuleio
669 1796 802 1829 tertium
827 1802 1044 1840 quartumque

418 1846 565 1879 libellum
587 1846 855 1890 epigrammatum
879 1856 1044 1876 commen-

418 1894 495 1935 det3
512 1894 603 1939 quod
619 1903 656 1927 nt
675 1895 769 1927 faciat
786 1902 914 1937 tempus
930 1892 972 1925 ad
989 1905 1044 1926 eos

418 1943 572 1988 legendos
606 1944 808 1987 aptissimum
847 1950 880 1974 et
914 1941 1045 1985 legendi

418 1992 556 2025 modum
575 1993 604 2024 ei
622 1991 746 2024 definit.
765 1992 828 2023 En.

467 2061 516 2068 ·—
532 2042 590 2074 Aa
606 2042 727 2083 Ruffum
748 2041 781 2072 in
797 2039 874 2073 edd.
892 2047 970 2072 vett.

472 2102 502 2123 ι.
519 2091 585 2123 Hos
601 2103 723 2135 quoque.
739 2091 828 2122 Duos
838 2114 847 2130 ‚
864 2089 998 2121 tertium
1012 2097 1044 2122 et

418 2148 592 2183 quartum3
608 2140 675 2172 vid.
691 2140 768 2172 infr.
784 2151 830 2171 vs.
853 2150 885 2181 7.

471 2201 502 2221 ι.
520 2189 694 2222 Pulmanni
709 2187 811 2221 codex
827 2199 910 2230 rogo.
924 2206 974 2213 —
988 2187 1044 2218 lm-

414 2245 500 2281 putee
515 2246 544 2269 et
559 2239 640 2270 nobis
650 2259 659 2272 ‚
679 2245 741 2270 etc.
758 2239 848 2281 Roga
864 2244 901 2268 ut
917 2235 1043 2279 aliquid

418 2287 479 2319 otii
494 2287 615 2319 tribuat
628 2287 673 2319 eis
689 2285 833 2329 legendis
844 2310 853 2327 ,
869 2285 903 2318 id
919 2285 1042 2317 benefl-

417 2336 505 2368 cium
524 2337 564 2368 ab
581 2347 620 2368 eo
642 2347 693 2368 me
717 2335 838 2379 putabo
863 2333 1041 2378 accepisse:

418 2384 482 2417 boc
498 2385 532 2416 in
548 2384 697 2416 beneficii
714 2384 785 2416 loco
801 2395 943 2427 ponam3
960 2383 1042 2415 mihi

418 2434 460 2465 ab
475 2434 533 2466 illo
550 2433 702 2476 imputari
718 2433 832 2476 patiar.
845 2452 892 2467 τ-
902 2433 960 2464 Est
975 2433 1041 2475 gal-

418 2482 479 2515 lice
498 2482 621 2526 aliquid
640 2482 744 2514 simile
758 2493 862 2525 quum
873 2480 1013 2513 dicimus
1030 2492 1040 2514 2

418 2532 597 2564 Fasces-moi
612 2532 642 2562 la
657 2543 747 2574 grace
761 2531 798 2563 de
809 2555 817 2569 ,
837 2538 899 2562 etc.
916 2531 980 2563 En.

470 2585 501 2619 4.
516 2581 588 2612 Nou
604 2583 707 2612 tetrica
727 2592 821 2622 nugas
839 2583 957 2621 exigat,
977 2587 1039 2612 etc.

420 2631 544 2673 AEquus
569 2628 667 2672 judex
693 2637 725 2661 et
754 2627 914 2661 candidus
939 2628 1041 2672 legam

418 2690 486 2710 non
502 2689 611 2710 severa
630 2677 739 2710 audiat
756 2689 852 2718 aure,
867 2689 928 2710 nec
941 2676 1045 2721 rigida

418 2738 554 2761 censura
576 2726 617 2759 ad
637 2727 790 2760 amussim
811 2734 844 2760 et
867 2724 1045 2770 perpendi-

1098 1353 1209 1385 culum
1232 1354 1386 1386 metiatur
1409 1362 1442 1387 et
1466 1356 1628 1389 examinet
1657 1369 1727 1390 car-

1098 1403 1186 1434 mina
1193 1402 1262 1434 hec
1275 1404 1443 1447 nugatoria
1453 1427 1462 1443 ‚
1472 1403 1573 1437 ducta
1583 1408 1725 1450 metaph.

1098 1452 1139 1483 ab
1154 1452 1337 1485 architectis
1359 1453 1408 1485 vel
1434 1455 1604 1493 statuariis.
1629 1455 1727 1488 Unde

1097 1509 1201 1532 exacta
1226 1514 1314 1544 opera
1333 1527 1342 1540 ‚
1375 1514 1436 1545 pro
1463 1504 1614 1545 perfectis
1634 1515 1642 1536 :
1662 1516 1724 1548 pro

1097 1561 1166 1592 quo
1185 1551 1317 1583 Plautus
1335 1554 1506 1583 emussitata
1519 1551 1618 1592 dixit,
1631 1555 1723 1597 quasi

1097 1597 1139 1630 ad
1162 1600 1316 1631 amussim
1332 1608 1455 1633 exacta.
1474 1600 1561 1634 Vide
1581 1602 1638 1634 lib.
1654 1604 1725 1643 111,

1098 1648 1199 1691 epigr.
1219 1660 1302 1680 uxx
1314 1672 1325 1688 ‚
1341 1660 1388 1681 vs.
1406 1649 1437 1682 3.

1150 1698 1180 1729 5.
1195 1697 1256 1729 Sed
1266 1710 1318 1729 nec
1330 1705 1399 1741 pos!
1408 1701 1533 1741 primum
1543 1723 1554 1737 ,
1572 1707 1632 1732 etc.
1647 1700 1723 1733 Non

1099 1753 1205 1778 tamen
1224 1746 1352 1779 libellos
1365 1747 1449 1790 legat
1461 1747 1641 1780 Venuleius
1653 1758 1727 1793 post

1097 1794 1196 1838 primi
1208 1795 1325 1839 scyphi
1342 1796 1495 1828 haustum
1504 1820 1513 1835 ,
1531 1797 1626 1829 initio
1638 1810 1726 1832 men-

1097 1855 1160 1882 sae,
1177 1855 1279 1887 quum
1303 1844 1452 1877 nondum
1475 1846 1538 1879 erit
1560 1846 1672 1879 hilaris
1692 1855 1725 1880 et

1098 1893 1269 1925 incaluerit
1279 1905 1369 1926 mero
1379 1906 1388 1932 ;
1401 1906 1464 1927 nec
1476 1903 1551 1938 post
1559 1896 1724 1936 ultimum,

1098 1953 1200 1985 quum
1221 1943 1307 1985 jam,
1334 1943 1427 1975 finita
1449 1954 1541 1976 coena
1559 1968 1569 1984 ‚
1595 1944 1723 1979 videtur

1098 1991 1243 2023 alacritas
1260 1992 1404 2024 convivii
1423 1991 1592 2035 friguisse3
1612 1993 1669 2027 sed
1688 1995 1722 2027 in

1098 2039 1207 2071 medio
1231 2040 1383 2073 eonvivio
1395 2064 1405 2079 ‚
1424 2052 1528 2084 quum
1548 2053 1581 2074 se
1598 2044 1724 2086 poculis

1098 2088 1238 2122 invitant
1259 2090 1378 2122 mutuis
1402 2100 1438 2122 ac
1465 2090 1627 2134 impetunt
1652 2104 1722 2126 cer-

1099 2144 1203 2171 tantes
1226 2139 1304 2171 vino
1331 2147 1363 2171 et
1387 2140 1469 2182 jocis
1495 2141 1647 2173 conviva.
1675 2162 1722 2169 -—

1102 2187 1132 2218 T
1130 2189 1258 2219 rientem.
1281 2187 1416 2227 Triens,
1435 2189 1480 2220 sic
1505 2190 1684 2233 appellatus
1703 2203 1720 2223 a

1096 2237 1259 2268 vocabulo
1276 2244 1333 2268 tres
1344 2262 1353 2275 ,
1379 2237 1454 2281 quin
1472 2239 1565 2271 tertia
1584 2250 1658 2282 pars
1676 2249 1724 2272 est

1097 2285 1227 2317 sextarii
1239 2309 1249 2325 ‚
1263 2286 1409 2319 continet
1420 2294 1558 2330 quatuor
1567 2289 1721 2330 cyathos;

1096 2333 1150 2367 hic
1163 2335 1298 2379 ponitur
1314 2347 1375 2379 pro
1394 2336 1509 2379 quovis
1521 2337 1640 2382 poculo
1654 2349 1662 2369 :
1681 2337 1724 2370 de

1096 2382 1314 2416 divisionibus
1343 2384 1472 2417 sextarii
1501 2384 1576 2417 vide
1603 2385 1661 2418 lib.
1681 2388 1696 2418 1
1712 2411 1722 2427 ,

1095 2433 1198 2476 epigr.
1213 2443 1321 2465 xxvm
1334 2456 1344 2472 ‚
1361 2445 1407 2465 vs.
1426 2445 1457 2465 a.
1474 2433 1537 2466 En.

1146 2483 1179 2514 6.
1196 2482 1321 2514 Proelia.
1335 2482 1466 2514 Mutuus
1481 2482 1522 2514 ad
1540 2482 1721 2516 bibendum

1096 2530 1305 2562 convivarum
1313 2532 1569 2573 provocationes.
1580 2532 1655 2565 Lib.
1662 2533 1725 2573 lv,

1097 2579 1286 2622 epigramm.
1297 2591 1380 2612 vni:
1401 2597 1413 2609 ι
1428 2581 1518 2612 Hora
1537 2580 1721 2614 libellorum

1102 2627 1228 2660 decima
1255 2636 1322 2668 est,
1341 2628 1528 2672 Eupheme‚
1549 2640 1696 2661 meorum
1722 2645 1730 2669 ς

1103 2677 1275 2721 Temperat
1284 2678 1460 2710 ambrosias
1471 2689 1573 2721 quum
1583 2685 1636 2710 tua
1649 2691 1727 2711 cura

1103 2724 1224 2770 dapem
1242 2726 1284 2759 Et
1308 2726 1413 2759 bonus
1437 2726 1578 2759 ethereo
1603 2728 1728 2761 laxatur
