2447 3518
613 1903 628 1917 ⁸
643 1905 880 1948 Epigrammata
893 1927 901 1942 ,
934 1900 1025 1946 quani
1054 1900 1191 1934 tumst„

563 1955 670 2000 pusilli
683 1952 779 1997 pretii
790 1962 890 1994 nugas
901 1974 910 1990 ‚
923 1949 1088 1981 fastidioso
1097 1950 1189 1982 Flac-

565 2018 621 2038 cus
637 2001 835 2046 despiciebat
852 1998 1026 2041 supercilio
1040 2010 1049 2038 ;
1069 2006 1101 2030 et
1118 2010 1190 2030 ver-

566 2066 618 2085 sus
639 2053 724 2084 lectu
745 2058 808 2082 tam
827 2049 935 2081 faciles
958 2047 1049 2079 facile
1066 2047 1188 2079 deduci

565 2102 699 2147 putabat
712 2111 719 2131 :
736 2109 841 2141 neque
854 2097 941 2129 enim
956 2104 1091 2128 noverat
1105 2097 1196 2130 hanc·

565 2158 670 2196 poetae
691 2147 794 2191 gallici
814 2157 926 2178 vocem
942 2157 951 2177 :

565 2207 610 2230 De·
626 2212 680 2227 vers
696 2202 812 2225 nise'ment
827 2199 882 2223 fnit·
898 2204 953 2222 sont
966 2204 1085 2222 urentem
1098 2198 1167 2221 niah-

565 2253 626 2287 Cui
640 2247 815 2293 respondet
829 2247 951 2278 Noster
969 2246 1043 2289 plus
1056 2246 1189 2278 sortasse

565 2300 700 2346 poeticae.
737 2295 902 2340 dignitatis
934 2295 1038 2327 inesse
1071 2294 1189 2338 lepidis

566 2351 634 2383 istis
646 2359 742 2393 quam
753 2346 852 2390 epicis
862 2344 1059 2376 carminibus
1075 2354 1082 2375 :
1097 2341 1189 2386 quod

567 2400 591 2432 si
611 2395 838 2431 confirmatum
858 2393 1017 2432 volueris,
1039 2393 1108 2435 lege
1130 2392 1188 2424 lib.

567 2450 596 2481 X
608 2472 617 2486 ‚
637 2447 738 2491 epigr.
760 2448 778 2482 4
791 2466 801 2483 ,
829 2443 863 2474 in
883 2453 949 2486 quo
968 2441 1063 2474 docet
1083 2449 1189 2473 vatem

565 2497 736 2531 heroicum
748 2518 756 2533 ‚
770 2493 804 2525 in
822 2491 1024 2524 somniorum
1038 2490 1189 2533 regione,

566 2557 649 2590 saepe
663 2543 772 2577 relicta
781 2549 895 2573 natura
904 2564 912 2579 ,
923 2548 1106 2582 vagantem,
1115 2539 1190 2582 plus

565 2592 787 2629 delectationis
796 2590 913 2622 afferre
923 2600 1019 2632 quam
1032 2587 1189 2626 utilitatis,

565 2637 956 2689 epigrammatographum
987 2644 1098 2669 contra
1112 2661 1120 2673 ‚
1155 2637 1188 2668 in

565 2694 653 2727 vitiis
682 2686 894 2727 insectandis,
917 2694 949 2719 et
978 2685 1189 2719 emendandis

1245 1902 1389 1934 mni-ilaus
1404 1910 1507 1937 tntum
1519 1929 1529 1944 ,
1544 1912 1578 1937 et
1598 1902 1815 1942 delectationi
1833 1910 1872 1942 si-

1244 1951 1312 1982 mnl
1322 1963 1358 1983 ac
1374 1951 1503 1984 utilitati
1517 1964 1585 1985 esse
1598 1954 1800 1997 legentibus.
1814 1958 1870 1989 En.

1298 2010 1327 2032 1.
1349 2001 1465 2032 Flacce.
1489 2001 1610 2034 Forsan
1633 2003 1690 2036 ille
1717 2004 1809 2037 idem
1828 2014 1870 2038 ent

1245 2049 1393 2081 Valerius
1402 2049 1535 2082 Flaccus
1543 2072 1552 2087 ‚
1569 2052 1870 2094 Argonauticon-um

1242 2098 1396 2142 scriptor,
1416 2097 1456 2130 ad
1474 2111 1573 2142 quem
1594 2100 1655 2133 lib.
1673 2102 1691 2133 1
1711 2103 1871 2147 epigram-

1242 2158 1293 2178 ma
1311 2158 1434 2178 Lxxvu.
1452 2149 1513 2180 En.

1292 2195 1325 2227 3.
1342 2196 1477 2228 Prandia
1496 2199 1567 2229 nevi
1588 2198 1710 2232 Tereos.
1728 2200 1850 2234 Tereus
1861 2225 1870 2241 ‚

1242 2244 1388 2277 Thraciae
1404 2257 1478 2286 rex,
1496 2253 1527 2277 et
1545 2246 1690 2289 Prognes
1715 2250 1869 2290 maritus,

1242 2296 1355 2325 uxoris
1386 2305 1451 2325 suae
1482 2306 1626 2327 sororem
1655 2297 1869 2331 Philomelam

1243 2350 1454 2374 temeraverat
1466 2368 1476 2383 ,
1497 2352 1527 2375 et
1550 2345 1691 2378 abscissa
1709 2346 1824 2391 lingua
1839 2349 1869 2380 iu

1243 2392 1408 2423 castellum
1437 2392 1620 2426 incluserat.
1655 2396 1743 2435 Quae
1769 2405 1869 2429 tamen

1243 2440 1370 2484 injuriat
1385 2452 1452 2473 suae
1472 2441 1645 2484 imaginem
1664 2452 1735 2477 tota
1749 2457 1869 2490 expres-

1242 2500 1309 2522 sam
1334 2488 1377 2521 ad
1398 2490 1556 2522 Pmcnem
1584 2492 1718 2525 mittere
1743 2497 1869 2538 potuit:

1244 2538 1298 2570 illa
1324 2549 1384 2582 per
1414 2540 1663 2573 Bacchanalium
1695 2545 1868 2577 tumultum

1243 2586 1373 2619 liberata
1386 2587 1565 2621 Philomela
1576 2614 1585 2628 ,
1597 2590 1689 2634 Itym
1699 2593 1807 2625 filium
1823 2606 1870 2637 pa-

1243 2636 1285 2669 tri
1304 2637 1410 2669 Tereo
1429 2636 1673 2672 comedendum
1702 2644 1849 2686 apposuit
1865 2666 1873 2679 ,

1243 2693 1274 2718 et
1296 2686 1394 2717 saturi
1411 2694 1508 2730 caput
1529 2687 1673 2730 abjecit:
1693 2691 1819 2725 Terens
1841 2693 1869 2723 in
