2447 3518
819 487 1361 529 EPIGRAMMATUM
1394 487 1509 529 LIB.
1545 486 1626 529 lv.

1777 490 1872 546 409

760 567 893 622 Quid,
912 567 1023 626 quod
1043 582 1193 615 nomen
1212 567 1385 620 hahent,
1406 576 1447 609 et
1466 568 1518 609 ad
1539 568 1718 626 magistri

760 634 915 675 Vocem
939 634 1107 690 quisque
1125 634 1186 675 sui
1206 634 1317 675 venit
1336 632 1512 675 citatus?

760 699 850 741 Hoc
868 697 1073 755 quondam
1095 699 1218 755 Libys
1240 698 1386 755 impius
1409 697 1634 755 profundo,

760 765 871 805 Dum
895 763 1071 820 praedam
1094 763 1250 805 calamo
1267 771 1467 805 tremente
1488 762 1621 815 ducit,

761 829 905 886 Raptis
927 827 1146 870 luminibus
1165 836 1330 886 repente
1353 840 1482 870 caecus
1844 853 1877 868 ω

762 895 938 950 Captum
966 908 1049 935 non
1071 894 1205 950 potuit
1228 893 1366 935 videre
1389 894 1538 950 piscem
1563 909 1573 933 :

759 959 814 1000 Et
836 964 946 1001 nunc
968 957 1183 1016 sacrilegos
1206 973 1374 1016 perosus
1396 957 1560 1010 hamos,

760 1023 934 1065 Baianos
957 1023 1070 1065 sedet
1087 1023 1138 1065 ad
1161 1022 1271 1065 lacus
1296 1033 1470 1081 rogator.

763 1089 815 1130 At
839 1097 904 1139 tu,
927 1088 1024 1130 dum
1049 1098 1186 1146 potes,
1209 1090 1404 1132 innocens
1425 1087 1589 1138 recede,

759 1154 883 1195 Jactis
908 1153 1156 1210 simplicibus
1177 1154 1276 1196 cibis
1299 1154 1339 1195 in
1366 1153 1520 1206 undas,

761 1219 816 1259 Et
836 1219 966 1276 pisces
986 1233 1180 1261 venerare
1198 1219 1417 1261 dedicatos.

618 1345 653 1377 6.
672 1342 767 1386 Quid,
785 1343 874 1387 quod.
888 1343 1126 1376 Vehementius
1140 1343 1191 1376 in·

566 1391 673 1425 standi
693 1392 793 1436 gratia
810 1392 883 1436 quid
895 1392 976 1436 quod
992 1392 1027 1425 in
1045 1392 1194 1425 oratione

565 1442 713 1485 ponitur.
734 1440 850 1473 Cicero
865 1452 928 1484 pro
944 1441 1015 1485 lege
1030 1440 1163 1474 Manilia
1183 1452 1190 1474 :

571 1489 683 1530 «Quid
693 1514 703 1530 ,
721 1489 810 1534 quod
827 1490 921 1530 salus,
928 1490 1091 1523 sociorum
1105 1502 1193 1523 sum-

566 1550 658 1572 mum
685 1539 719 1571 in
750 1539 932 1581 periculum
957 1550 994 1571 ac
1019 1538 1193 1572 discrimen

567 1587 768 1621 adducitur?
784 1604 798 1616 ι
818 1608 867 1613 -
882 1588 1034 1631 Magistri.
1049 1588 1102 1621 Sic
1118 1599 1193 1620 eum

566 1637 706 1682 appellat
715 1637 772 1680 qui
780 1637 912 1682 piscium
920 1648 1031 1669 curam
1043 1637 1192 1670 habebat.

618 1698 651 1729 7.
669 1686 727 1718 Ad
749 1698 849 1718 vocem
874 1687 1003 1729 quisque.
1030 1686 1106 1718 Non
1134 1686 1193 1719 ha·

566 1735 645 1767 bere
664 1742 787 1769 meatus
806 1743 837 1767 et
863 1735 1022 1767 foramina
1040 1733 1170 1767 auditus
1184 1760 1194 1775 ,

567 1783 683 1816 audire
700 1791 807 1816 tamen
824 1784 974 1816 scribunt
986 1783 1120 1816 Aristot.
1135 1784 1191 1816 lib.

567 1834 630 1872 IV,
647 1833 790 1865 Animal.
817 1841 849 1865 et
870 1832 953 1865 Plin.
973 1832 1031 1864 lib.
1051 1832 1083 1864 X
1096 1857 1106 1872 ,
1122 1845 1191 1877 cap.

570 1893 625 1926 7⁰·
641 1881 790 1915 Credunt
815 1881 944 1926 physici
970 1882 1165 1914 recentiores
1181 1905 1192 1922 ,

566 1942 670 1975 quum
689 1931 792 1975 pisces
810 1931 908 1963 nullis
930 1929 971 1963 ad
992 1930 1192 1963 audiendum

566 1979 712 2013 aditibus
737 1980 891 2013 instructi
918 1979 983 2012 sint
1012 1991 1030 2011 a
1059 1987 1173 2012 natura
1185 2004 1194 2021 ‚

567 2041 623 2061 eos
637 2029 806 2074 percipere
819 2040 936 2062 sonum
955 2036 988 2061 et
1004 2040 1117 2061 vocem
1135 2040 1195 2073 per

567 2079 821 2111 commotionem
848 2078 929 2111 aeris
948 2080 1040 2122 cujus
1059 2078 1096 2111 fit
1112 2089 1194 2122 aqua

567 2127 730 2172 particeps
747 2152 757 2168 ,
789 2138 861 2171 qun
901 2138 1020 2171 nempe
1053 2127 1194 2160 vibratio

567 2184 677 2219 partes
706 2176 849 2209 maxime
869 2177 1016 2212 sensiles,
1037 2185 1075 2209 ut
1095 2177 1193 2209 bran-

566 2225 674 2264 chias,
693 2225 861 2270 impellere
875 2226 971 2258 valet.
984 2225 1047 2258 En.

618 2275 650 2308 8.
671 2275 740 2306 Hoc
751 2274 914 2319 quondam,
934 2283 994 2307 etc.
1014 2275 1091 2306 Afer
1106 2275 1194 2318 quis·

566 2322 656 2367 piam
670 2335 767 2356 ausus
784 2324 837 2355 hic
854 2323 969 2367 piscari
983 2347 992 2363 ,
1007 2331 1142 2368 repente
1155 2335 1194 2356 ex

566 2372 721 2416 sacrilego
736 2372 894 2416 piscatore
910 2373 1012 2404 factus
1027 2381 1076 2404 est
1092 2384 1196 2405 caecus

567 2420 747 2454 mendicus.
761 2421 955 2453 Miraculum
966 2420 1030 2453 hoc
1040 2422 1106 2453 olet
1116 2433 1194 2465 poe-

568 2477 645 2502 tam.
666 2491 715 2496 —
739 2471 809 2502 Hoc
820 2470 981 2514 profundo.
1002 2470 1072 2503 Hoc
1090 2471 1194 2510 mari,

566 2519 689 2551 Baiano
718 2519 801 2551 lacu.
829 2539 877 2544 —
908 2518 1069 2552 Gruterus
1096 2519 1196 2562 legit,

567 2568 658 2612 Libys
677 2568 823 2612 improbus
833 2593 843 2606 ‚
862 2567 952 2612 quod
964 2579 1031 2600 non
1044 2579 1196 2612 spernen-

567 2616 648 2650 dum
661 2624 755 2661 putat
769 2616 965 2650 Gronovius.

620 2677 655 2708 9.
673 2666 754 2698 Dum
769 2666 920 2708 praedam,
939 2673 1000 2699 etc.
1021 2666 1077 2699 Sic
1090 2665 1147 2699 lib.
1161 2666 1199 2706 1,

1246 1345 1347 1389 epigr.
1361 1356 1418 1377 ινῐ
1428 1367 1437 1380 ‚
1458 1356 1505 1377 vs.
1524 1355 1544 1387 9
1557 1356 1567 1377 :
1587 1360 1601 1373 ι
1617 1345 1660 1377 Et
1672 1344 1793 1389 piscem
1808 1352 1876 1377 tre·

1248 1394 1336 1426 mula
1362 1394 1530 1427 salientem
1560 1392 1680 1426 ducere
1707 1401 1774 1426 seta
1790 1406 1824 1434 -;
1842 1402 1877 1426 et

1246 1443 1304 1476 lib.
1321 1443 1373 1483 X,
1392 1443 1493 1487 epigr.
1509 1454 1590 1481 xxx,
1609 1454 1655 1475 vs.
1680 1445 1722 1475 16
1737 1450 1770 1475 et
1782 1454 1872 1486 sqq.:

1247 1492 1317 1525 Nec
1331 1500 1399 1525 seta
1415 1492 1514 1536 longo
1523 1492 1642 1536 quassit
1649 1492 1684 1523 in
1697 1491 1778 1524 mari
1793 1503 1876 1535 prae-

1247 1540 1323 1573 dam
1332 1564 1343 1581 ,
1355 1540 1418 1573 Sed
1436 1553 1454 1573 a
1470 1541 1569 1574 cubili
1583 1541 1768 1584 lectuloque
1780 1542 1878 1584 jacta·

1248 1598 1333 1630 tam,
1357 1590 1526 1635 Spectatus
1546 1589 1608 1622 alte
1631 1590 1751 1622 lineam
1776 1589 1877 1622 trahit

1248 1639 1355 1683 piscis.
1380 1655 1393 1668 .
1426 1639 1480 1671 Sic
1506 1646 1633 1671 nostras
1664 1638 1809 1681 Boisjolin
1838 1638 1874 1670 in

1247 1695 1396 1732 poemate
1411 1712 1420 1728 ,
1437 1689 1467 1720 ta
1476 1688 1561 1729 sore't
1578 1687 1615 1718 de
1635 1688 1687 1718 W
1685 1688 1786 1719 indron-
1802 1698 1814 1719 .·

1247 1751 1281 1775 Ῑιε
1294 1750 1398 1784 petimur
1409 1749 1549 1780 inmobile.
1562 1750 1659 1775 sue-tif
1667 1756 1691 1774 et
1702 1750 1808 1783 penche.

1246 1794 1319 1818 'rimi
1327 1803 1352 1818 u
1361 1794 1425 1826 ligne
1438 1793 1582 1817 tremlnlente
1590 1803 1597 1822 ;
1606 1800 1631 1817 et
1641 1803 1683 1818 aur
1691 1793 1771 1818 l'oude
1781 1793 1874 1817 att-che

1245 1837 1296 1862 Son
1313 1837 1382 1861 uide
1395 1837 1481 1869 reg-td
1494 1837 1584 1861 semble
1601 1838 1699 1870 esperer
1715 1845 1740 1860 n
1754 1837 1825 1869 proie

1246 1882 1277 1905 Et
1285 1881 1318 1905 du
1327 1880 1388 1912 nege
1395 1881 1437 1913 qui
1444 1887 1510 1905 sante
1519 1886 1543 1904 et
1549 1881 1581 1904 du
1593 1889 1677 1905 rosen
1690 1881 1732 1913 qui
1744 1879 1817 1913 plcie.
1826 1879 1874 1904 En.

1299 1930 1353 1963 ¹3.
1377 1929 1570 1963 Beverlandi
1590 1930 1663 1963 MS.
1686 1942 1803 1973 rogare.
1825 1948 1875 1956 —

1247 1979 1393 2021 Rogator.
1423 1978 1615 2019 Mendicus,
1649 1977 1876 2011 subaudiendo

1248 2028 1358 2072 stipis,
1373 2040 1450 2062 nam
1464 2039 1578 2071 rogare
1595 2028 1711 2071 stipem
1726 2036 1774 2060 est
1787 2039 1877 2059 men-

1248 2075 1367 2110 dicare.
1380 2078 1453 2110 Lib.
1467 2078 1516 2116 X,
1531 2078 1634 2121 epigr.
1651 2089 1687 2115 v,
1702 2089 1749 2110 vs.
1766 2080 1787 2115 4
1801 2088 1809 2108 :
1824 2078 1877 2108 In-

1248 2133 1363 2169 terque
1378 2138 1496 2159 raucos
1512 2127 1648 2159 ultimus
1663 2133 1830 2170 rogatores
1840 2141 1854 2154 ι
1866 2137 1877 2165 ·,·

1249 2171 1283 2207 et
1301 2175 1358 2207 lib.
1379 2176 1444 2207 ΧΠ
1456 2199 1465 2215 ,
1479 2175 1581 2219 epigr.
1605 2187 1694 2207 Lvu:
1712 2189 1725 2201 ·
1738 2175 1876 2207 Amatre

1249 2222 1364 2256 doctus
1384 2236 1444 2257 nec
1462 2236 1576 2268 rogare
1593 2223 1729 2267 judices.
1748 2240 1761 2252 ι

1302 2285 1313 2305 1
1325 2273 1355 2305 5.
1370 2272 1556 2316 Simplica'bus
1570 2299 1579 2311 ‚
1598 2281 1659 2306 etc.
1679 2274 1755 2305 Non
1770 2272 1879 2304 hama-

1249 2322 1290 2355 tis
1302 2346 1312 2361 ,
1327 2333 1391 2354 non
1412 2322 1591 2354 medicatis.

1303 2373 1356 2404 16.
1374 2372 1420 2402 Iit
1433 2373 1528 2415 pisces
1546 2373 1609 2403 sine
1625 2383 1722 2402 errare
1737 2370 1878 2402 delicatos

1248 2420 1282 2453 in
1300 2419 1493 2453 Beverlandi
1517 2420 1586 2453 MS.
1612 2420 1753 2451 delicatos
1772 2419 1877 2462 placet

1249 2469 1415 2503 Gruteroz
1435 2481 1511 2501 nam
1530 2469 1658 2501 delicata
1676 2469 1811 2501 Veteres
1825 2466 1877 2498 di-

1248 2529 1325 2551 xere
1344 2530 1407 2562 pro
1431 2518 1584 2557 dedicata,
1609 2526 1642 2550 et
1665 2518 1791 2549 dedicare
1816 2527 1879 2560 pro

1249 2567 1385 2599 dedicare
1391 2590 1401 2605 ,
1419 2575 1497 2600 teste
1516 2567 1625 2599 Festo.
1638 2584 1688 2591 -—
1705 2565 1877 2598 Dedicatos.

1249 2617 1296 2649 Ut
1320 2628 1415 2649 versu
1443 2617 1462 2649 3
1482 2627 1601 2659 supi-33
1621 2614 1654 2648 id
1679 2622 1746 2655 est,
1764 2624 1878 2646 conse-

1250 2672 1355 2699 cratos
1374 2665 1575 2699 Domitiano.
