2447 3518
570 404 686 434 xvm
759 390 847 432 DE
880 390 940 431 M.
963 390 1096 432 VAL.
1131 390 1496 433 MARTIALIS
1527 391 1682 433 VITA

566 481 616 514 ut
637 471 784 515 merito
804 470 989 513 dubitare
1015 470 1169 528 possis,
1196 485 1249 512 an
1273 485 1324 513 ex
1350 479 1471 529 gente
1493 470 1663 514 Claudia
1689 473 1877 515 Romana

570 536 694 585 fuerit
709 535 797 577 haec
813 534 1030 577 Marcella:
1046 550 1206 578 versum
1220 551 1317 594 ergo
1335 535 1534 578 Martialis
1545 537 1695 580 rectius
1707 537 1878 595 scripse-

568 603 668 654 rim,
690 610 737 643 ut
762 609 855 642 ante
875 599 1041 641 habuit:

710 702 785 737 Nec
805 700 875 736 cito
895 698 1027 736 ridebit
1044 699 1223 749 peregrini
1241 700 1355 749 gloria
1372 708 1508 750 parnis.

569 801 618 842 In
642 800 772 857 patria
795 798 995 841 laudanda
1022 806 1104 840 tam
1131 798 1302 857 diligens
1324 808 1367 842 et
1385 798 1575 857 freqmens
1595 808 1682 853 est,
1703 808 1752 842 ut
1769 798 1877 843 illius

568 864 888 907 amantissimum
907 862 1024 906 facile
1040 862 1262 921 intelligas3
1281 864 1326 916 1,
1347 878 1435 908 uu
1453 880 1464 906 ι

713 968 785 1009 Te,
804 965 1002 1009 Liciniane,
1018 964 1230 1012 gloriabitur
1245 973 1365 1002 nostra
1375 992 1385 1010 ,

761 1024 837 1058 Nec
853 1033 909 1058 me
927 1020 1058 1057 tacebit
1075 1020 1222 1058 Bilbilis.

567 1120 657 1164 Lib.
686 1120 829 1165 eodem
842 1153 855 1174 ‚
868 1121 994 1179 epigr.
1015 1135 1041 1163 1.
1057 1137 1067 1163 ε

761 1222 826 1258 Vir
839 1220 1027 1258 Celtiberis
1042 1233 1115 1256 non
1133 1221 1282 1258 tacende
1297 1220 1476 1270 gentibus,

808 1280 1017 1326 Nostraeque
1037 1278 1118 1313 laus¹
1130 1277 1326 1326 Hispaniae,

762 1333 911 1370 Videbis
927 1334 1054 1378 altam,
1068 1333 1265 1378 Liciniam,
1282 1333 1424 1370 Bilbilin
1434 1361 1445 1379 ‚

761 1405 766 1411 ·
810 1390 921 1438 Equis
941 1398 978 1426 et
994 1389 1101 1426 armis
1116 1388 1284 1425 nobilem.

564 1491 655 1534 Lib.
684 1492 725 1532 X
736 1523 749 1544 ‚
770 1504 849 1534 cut
864 1506 874 1532 :

711 1591 929 1639 Municipes,
946 1594 1106 1638 Augusta
1125 1589 1210 1625 mihi
1228 1600 1319 1637 quos
1336 1588 1470 1625 Bilbilis
1485 1589 1558 1625 aeri

757 1650 883 1683 Monte
898 1654 995 1683 creat
1004 1673 1014 1691 ,
1034 1645 1168 1694 rapidis
1180 1657 1272 1694 quos
1284 1646 1371 1683 Salo
1385 1646 1493 1694 cingit
1508 1648 1626 1694 aquis3

712 1704 849 1753 Ecquid
865 1704 944 1740 laeta
957 1704 1060 1752 juvat
1075 1702 1184 1740 vestri
1198 1715 1263 1741 vos
1280 1703 1392 1751 gloria
1404 1704 1518 1739 vatis?

760 1764 852 1797 Nam
871 1760 979 1796 decus
998 1767 1034 1796 et
1052 1772 1201 1803 nomen,
1220 1760 1383 1808 famaque
1396 1768 1513 1796 vestra
1526 1772 1657 1796 sumus.

566 1862 618 1902 Et
639 1875 735 1903 mox
754 1861 796 1901 in
822 1859 1028 1916 sequenti:

761 1960 862 1996 Illinc
877 1967 912 1994 te
926 1966 1004 1994 rota
1019 1958 1138 2001 tollet,
1152 1966 1188 1993 et
1205 1958 1331 1994 citatus

760 2016 876 2052 Altam
891 2013 1051 2058 Bilbilin,
1069 2022 1105 2050 et
1120 2022 1218 2050 tuum
1232 2015 1397 2051 Salonem

759 2073 894 2118 Quinto
910 2072 1056 2107 forsitan
1071 2070 1195 2107 essedo
1210 2070 1357 2107 videbis.

570 2174 661 2230 Lih2
685 2174 788 2226 XII,
812 2185 923 2214 xvm
943 2187 953 2213 ε

762 2268 823 2300 Mc
840 2264 968 2300 multos
985 2262 1134 2310 repetita
1152 2270 1233 2310 post
1248 2260 1465 2297 Decembres

761 2321 909 2368 Accepit
926 2330 1002 2355 mea
1019 2318 1260 2365 rusticumque
1278 2317 1360 2352 fecit

762 2381 862 2413 Auro
881 2376 1015 2413 Bilbilis
1032 2382 1068 2410 et
1080 2373 1234 2422 superba
1251 2373 1359 2409 ferro.

569 2477 647 2522 Sed
672 2477 724 2519 de
739 2477 870 2535 patria
888 2473 1085 2517 Martialis
1109 2482 1151 2515 et
1174 2473 1224 2515 de
1251 2473 1328 2515 hac
1351 2471 1479 2514 Bilbili
1499 2472 1636 2532 plura,
1659 2475 1702 2526 I,
1731 2489 1766 2517 L.
1791 2477 1872 2519 Ro-

570 2558 678 2586 mam
702 2543 837 2595 venit,
862 2556 987 2598 quum
1012 2553 1163 2581 annum
1188 2546 1326 2596 ageret
1355 2535 1525 2580 alterum
1550 2548 1592 2582 et
1609 2539 1843 2583 vicesimum
1862 2573 1873 2593 ‚

569 2609 734 2651 Nerone
751 2609 999 2664 imperante:
1026 2604 1109 2662 egit
1131 2604 1172 2645 in
1194 2603 1296 2667 urbe
1318 2617 1446 2646 annos
1467 2604 1646 2661 quinque
1665 2620 1787 2662 supra
1801 2606 1873 2647 tri-
