2447 3518
1104 1898 1336 1959 XLIII.

986 2043 1039 2071 ιΝ
1086 2023 1451 2071 conAcmmu.*

768 2152 869 2195 NON
893 2151 997 2204 dixi,
1020 2151 1237 2204 Coracine,
1259 2160 1300 2193 te
1327 2151 1527 2193 cinaedum
1551 2166 1560 2191 :

767 2218 861 2258 Non
884 2232 972 2258 sum
997 2226 1079 2257 tam
1102 2217 1360 2268 temerarius,
1382 2231 1457 2257 nec
1480 2215 1611 2257 audax
1625 2249 1636 2269 ‚

621 2334 634 2347 ⁶
651 2340 707 2371 Est
726 2339 825 2371 faceta
844 2338 989 2383 quaedam
1008 2339 1043 2369 in
1060 2338 1193 2371 Coraci-

570 2398 649 2418 num
677 2388 784 2420 illusio
808 2398 954 2431 expressa
975 2398 1036 2430 per
1059 2398 1192 2430 suspen-

566 2436 713 2475 sionem,
727 2448 800 2479 quae
814 2436 934 2468 desinit
945 2437 978 2467 in
991 2435 1191 2479 paradoxon.

568 2484 670 2528 Negat
691 2486 777 2517 enim
800 2485 890 2528 quod
915 2485 1024 2517 minus
1044 2493 1091 2516 est
1113 2497 1191 2528 pro-

566 2532 664 2565 brum
677 2557 686 2572 ,
707 2541 740 2566 et
756 2534 874 2565 fatetur
892 2533 980 2576 quod
1006 2542 1054 2566 est
1076 2535 1189 2576 majus.

567 2581 689 2614 Similis
700 2584 793 2627 jocus
802 2583 940 2615 refertur
953 2594 970 2614 a
983 2579 1189 2621 Quintiliano

565 2629 608 2661 de
625 2631 727 2664 ,Iunio
747 2632 864 2671 Basso,
888 2631 947 2663 lib.
966 2631 1033 2671 VI,
1059 2643 1129 2675 cap.
1147 2632 1187 2672 3;

564 2680 621 2726 qui
642 2704 650 2719 ,
680 2688 836 2726 querente
857 2680 1001 2713 Domitia
1024 2680 1186 2719 Passieni,

1248 2337 1353 2382 quod,
1363 2337 1511 2370 incusans
1521 2340 1588 2381 ejus
1603 2337 1734 2377 sordes,
1753 2341 1883 2374 calceos

1247 2398 1315 2420 eam
1328 2394 1451 2420 veteres
1464 2387 1586 2420 diceret
1600 2387 1742 2420 vendere
1754 2390 1883 2432 solere3

1246 2436 1317 2467 Non
1334 2436 1502 2467 mehercule
1512 2461 1521 2475 ‚
1538 2436 1643 2479 inquit
1653 2460 1662 2475 ‚
1683 2437 1738 2468 Ιιοσ
1750 2450 1883 2482 unquam

1245 2486 1325 2524 dati,
1344 2486 1397 2516 sed
1413 2497 1503 2516 emere
1529 2493 1556 2516 te
1575 2486 1675 2517 solere.
1698 2482 1819 2519 Simile
1832 2498 1883 2521 est

1243 2534 1300 2566 lib.
1316 2534 1366 2573 11,
1379 2535 1483 2577 epigr.
1495 2545 1604 2566 xxvnx
1617 2559 1627 2574 ,
1641 2535 1675 2566 in
1688 2535 1880 2570 Sextillum.

1243 2583 1386 2615 Ramims.

1294 2644 1325 2664 τι.
1357 2633 1549 2664 Tememius.
1579 2631 1684 2664 Vides
1713 2632 1880 2678 distingui

1242 2680 1446 2714 temerarium
1455 2680 1495 2714 ab
1506 2680 1629 2714 audaci.
1638 2682 1879 2721 Distinxeruut
