2447 3518
687 468 1227 510 EPIGRAMMATUM
1260 468 1378 509 LIB.
1413 467 1496 509 lv.

1652 463 1742 519 455

986 607 1201 660 LXIV.

695 739 757 767 DE
790 734 976 767 HORTls
1009 739 1141 767 JULu
1175 719 1496 774 ΜΑΒΤῙΑΙᾸβ..ι

639 848 660 888 J
666 861 739 890 um
754 847 899 905 jugera
919 862 1048 905 pauca
1066 847 1263 890 Martialis
1274 881 1287 900 ‚

638 913 779 955 Hortis
806 912 1075 971 Hesperidum
1103 913 1306 966 beatiora,

641 979 786 1036 Longo
805 977 976 1020 Janiculi
993 978 1091 1037 jugo
1114 977 1358 1020 recumbunt
1377 992 1386 1017 :

640 1043 732 1084 Lati
756 1042 926 1086 collibus
952 1043 1164 1085 imminent
1188 1058 1394 1093 recessus;

639 1108 694 1147 Et
719 1106 863 1163 planus
887 1107 1047 1150 modico
1074 1117 1233 1150 tumore
1258 1117 1397 1150 vertex
1736 1128 1749 1150 s

496 1227 512 1242 '¹
533 1226 658 1261 Lendat
679 1228 792 1261 hortos
811 1228 892 1261 sulii
915 1228 1070 1261 Martialis

447 1290 466 1310 a
482 1278 546 1309 situ
556 1301 565 1317 ,
584 1288 603 1309 a
619 1277 698 1310 caelo
708 1301 718 1316 ‚
731 1289 749 1309 a
768 1277 921 1321 subjectis
939 1278 1072 1310 amoenis

447 1326 653 1369 regionibus,
672 1338 690 1358 a
704 1327 902 1369 benignitate
914 1334 946 1359 et
961 1327 1072 1370 hospi-

448 1375 568 1408 talitate
582 1374 707 1408 domini
720 1398 730 1415 ,
749 1386 867 1419 eosque
877 1375 1053 1409 Tiburtino
1062 1400 1073 1415 ,

448 1424 650 1457 Praenoetino
665 1449 675 1464 ,
694 1424 870 1469 Setinoque
895 1424 965 1457 ruri
990 1436 1073 1468 prn-

448 1474 522 1506 sm.
540 1474 686 1506 Ramires.

496 1542 547 1549 —
567 1523 616 1554 De
644 1523 737 1554 lior-eis
765 1521 916 1554 Martialis
937 1522 970 1554 in
996 1521 1073 1555 edd.

448 1572 614 1604 veteribus
621 1595 631 1614 ,
639 1570 714 1604 Ald.
722 1572 743 1603 J
744 1578 814 1604 unt.
827 1570 1074 1616 eelim-Gryph.

449 1620 621 1653 Pulmnnn.
645 1627 706 1653 etc.

503 1681 533 1704 1.
558 1670 642 1702 Tulli
660 1670 694 1701 in
716 1668 840 1702 iisdem.
862 1668 927 1700 Juli
949 1668 1076 1702 codices

450 1718 626 1751 Pulmanni
636 1742 646 1758 ‚
656 1718 676 1750 J
678 1718 749 1749 unii
759 1742 768 1758 ,
781 1717 916 1751 Gruteri
930 1726 962 1750 et
973 1717 1073 1751 palat.

451 1786 500 1794 --
527 1766 594 1800 Juli
595 1791 664 1800 ......
693 1767 856 1799 Martialis.
885 1767 992 1799 Julius
1020 1766 1076 1798 ille

451 1815 609 1849 Martialis
619 1824 689 1848 erat
699 1815 821 1849 amicus
828 1816 931 1848 nostri
941 1816 987 1848 M.
1000 1816 1074 1848 Val.

450 1864 607 1898 Martialis
617 1888 628 1905 ,
646 1864 702 1908 qui
720 1864 768 1896 illi
792 1864 880 1897 misit
896 1873 1022 1897 sextum
1037 1865 1077 1896 li-

450 1912 548 1945 brum
571 1914 861 1957 epigrammatum,
880 1921 916 1945 ut
943 1921 1077 1957 apparet

452 1972 494 1994 ex
506 1962 615 2006 primo
624 1963 812 2005 epigramm.
824 1961 968 2006 ejusdem
980 1962 1056 1994 libri
1067 1975 1076 2002 ;

451 2012 587 2054 ejusque
602 2011 831 2043 bibliothecam
843 2019 966 2054 septem
982 2022 1000 2043 e
1013 2012 1077 2043 suis

450 2059 568 2092 libellis
595 2059 757 2099 munivit,
783 2067 821 2093 ut
845 2059 992 2092 videmus
1017 2059 1076 2092 lib.

452 2108 518 2140 VII
526 2133 536 2147 ,
544 2108 648 2153 epigr.
660 2120 743 2141 ινιτ.
751 2108 883 2141 Tacitus
891 2132 900 2148 ,
909 2109 1079 2148 libxvll,

451 2156 494 2189 de
507 2158 527 2189 J
530 2158 598 2190 ulio
613 2156 754 2201 quodam
766 2157 915 2190 Martiale
928 2158 978 2189 bis
991 2169 1080 2189 men-

453 2207 578 2240 tionem
606 2207 707 2246 facim
731 2207 789 2251 qui
811 2207 896 2239 sorte
923 2205 1011 2239 idem
1033 2213 1080 2239 est

453 2266 490 2288 ec
513 2256 568 2287 ille
589 2254 701 2287 Nostri
722 2256 854 2288 amicus.
869 2256 933 2288 En.

506 2316 536 2336 τι.
569 2303 773 2347 Hesperidum.
808 2302 950 2336 Atlantis
986 2303 1060 2336 filim
1071 2328 1079 2342 ‚

453 2352 573 2396 quibus
589 2352 703 2384 hortos
726 2352 877 2385 tribuunt
896 2353 1002 2385 Poetae
1024 2364 1080 2385 au·

453 2401 517 2433 reis
530 2401 655 2445 pomis,
666 2399 701 2433 id
710 2408 774 2440 est,
790 2401 899 2434 citreis
909 2401 1080 2445 pretiosos.

454 2449 543 2482 Vide
562 2450 620 2482 lib.
638 2450 743 2493 Spect.
762 2450 864 2493 epigr.
885 2460 942 2482 xxx
955 2473 965 2489 ‚
985 2462 1031 2482 vs.
1049 2454 1081 2489 4.

506 2498 539 2530 3.
559 2499 664 2542 Longo
679 2499 820 2531 Ianiculi.
835 2499 939 2541 Longo
944 2500 1021 2541 jugo
1031 2497 1082 2530 di·

454 2547 502 2579 xit
531 2546 639 2590 quod,
657 2556 695 2581 ut
714 2548 871 2580 Batonius
887 2546 1057 2580 cardinalis
1073 2571 1082 2586 ‚

456 2597 585 2629 Annal?
603 2597 669 2629 vol.
696 2598 712 2629 1
725 2621 735 2636 ‚
755 2597 871 2640 probet
884 2619 893 2635 ,
917 2593 1084 2627 Ja‘uiculus

457 2653 528 2678 erat
545 2645 722 2678 Veteribus
744 2645 834 2677 locus
849 2645 904 2676 ille
921 2644 979 2687 qui
997 2655 1085 2676 com-

460 2693 661 2741 plectebatur
693 2694 808 2727 seriem
841 2693 997 2734 conium,
1012 2693 1087 2737 qui,

1123 1228 1325 1262 modicarum
1339 1229 1471 1261 vallium
1487 1229 1658 1273 interjectu
1669 1239 1749 1261 con·

1123 1279 1226 1322 juncti
1238 1302 1248 1317 ‚
1266 1278 1306 1310 ab
1323 1290 1362 1310 eo
1377 1278 1517 1317 termino
1534 1277 1592 1322 qui
1605 1286 1653 1310 est
1671 1289 1748 1321 pro-

1125 1327 1230 1360 ximus
1262 1327 1427 1360 Aventino
1459 1334 1557 1371 atque
1589 1327 1750 1359 Vaticano

1125 1376 1369 1417 continuantur,
1380 1384 1412 1408 et
1425 1387 1524 1420 super
1538 1376 1640 1409 Mutia
1655 1383 1752 1420 porte

1126 1425 1342 1469 porriguntur
1355 1449 1364 1466 ,
1384 1436 1419 1458 ac
1453 1432 1589 1469 propter
1613 1431 1750 1469 pontem

1125 1474 1286 1506 Milicium
1306 1474 1531 1507 terminantur.
1546 1493 1594 1500 —
1607 1474 1747 1506 lumbati.

1125 1523 1222 1555 Mons
1236 1523 1421 1560 Janiculus.
1443 1531 1531 1555 trans
1549 1522 1697 1555 Tiberim
1711 1522 1753 1555 si-

1128 1580 1178 1603 tus
1192 1595 1201 1608 ,
1230 1583 1319 1603 nune
1341 1571 1492 1604 Momm-io
1501 1596 1511 1611 ,
1541 1570 1583 1603 ed
1614 1578 1751 1615 pontem

1127 1631 1228 1663 usque
1248 1620 1399 1652 Milvium
1416 1632 1473 1653 seu
1494 1619 1655 1653 Mulvium
1668 1643 1678 1658 ‚
1693 1631 1751 1652 seu

1127 1668 1288 1701 Milicium
1302 1677 1392 1701 extra
1409 1670 1545 1701 Romam
1559 1668 1749 1713 porrigitur.

1127 1718 1256 1750 Nomen
1273 1729 1291 1749 a
1308 1718 1392 1750 Jano
1413 1717 1537 1749 habuit.
1549 1717 1651 1749 Hunc
1665 1716 1751 1749 Urbi

1128 1765 1245 1810 adjecit
1266 1778 1372 1799 arcem
1390 1769 1533 1799 nascenti
1550 1767 1658 1798 Ancus
1679 1776 1749 1798 rex.

1127 1815 1199 1847 Liv.
1211 1815 1267 1847 lib.
1279 1816 1295 1846 1
1304 1838 1315 1854 ‚
1331 1815 1374 1847 33
1384 1826 1392 1847 :
1403 1815 1609 1847 -Janiculum
1620 1825 1752 1858 quoque
1795 1843 1798 1846 Α

1128 1863 1288 1908 adjectum
1299 1889 1308 1902 ‚
1327 1876 1394 1896 non
1412 1864 1524 1907 inopia
1541 1863 1623 1903 luci,
1638 1862 1694 1896 sed
1709 1874 1753 1895 ne

1128 1911 1258 1956 quando
1287 1924 1324 1945 ea
1348 1924 1403 1945 arx
1430 1912 1579 1945 hostium
1600 1920 1700 1953 esset3
1716 1911 1753 1944 id

1128 1973 1195 1994 non
1222 1973 1319 1994 muro
1345 1962 1464 2001 solum,
1489 1960 1549 1993 ted
1579 1961 1676 1994 etiam
1709 1961 1753 1993 ob

1128 2009 1395 2043 commoditatem
1408 2010 1550 2050 itineris,
1562 2016 1665 2053 ponte
1680 2010 1755 2042 sub-

1129 2059 1205 2091 licio
1216 2083 1225 2099 ,
1245 2067 1314 2091 tum
1333 2059 1475 2102 primum
1493 2059 1527 2091 in
1543 2058 1691 2090 Tiberim
1708 2058 1755 2091 fn-

1131 2115 1184 2140 cto
1197 2132 1206 2148 ,
1221 2108 1374 2152 conjungi
1392 2108 1478 2139 Urbi
1492 2107 1624 2151 placuit.
1635 2123 1648 2136 =
1667 2107 1731 2139 En.

1182 2160 1213 2195 4.
1247 2156 1320 2189 Ald.
1354 2158 1447 2190 Junt.
1480 2155 1587 2189 Colin.
1600 2157 1603 2160 ’
1623 2155 1754 2199 Gryph.

1131 2207 1255 2238 eminent
1267 2219 1279 2244 ,·
1299 2214 1331 2238 et
1347 2206 1392 2238 sic
1408 2203 1601 2238 Beverlandi
1620 2204 1690 2236 MS.
1707 2223 1757 2232 .-

1132 2256 1203 2286 Lati
1217 2255 1356 2293 collibus,
1377 2262 1437 2287 etc.
1461 2255 1501 2286 In
1521 2253 1606 2287 colle
1628 2264 1757 2285 summo

1132 2303 1234 2348 spatia
1250 2304 1355 2347 campi
1375 2303 1438 2335 lata
1460 2311 1493 2335 et
1514 2302 1655 2335 solitaria
1677 2302 1758 2334 emi·

1132 2359 1230 2392 nent,
1261 2352 1317 2385 ubi
1338 2359 1385 2384 est
1401 2351 1477 2384 villa
1502 2351 1586 2383 Julii
1601 2351 1759 2384 Martialis

1133 2401 1211 2434 coelo
1230 2401 1376 2433 vicinior.

1187 2450 1218 2482 5.
1238 2450 1283 2481 Et
1292 2451 1401 2493 planus
1412 2474 1421 2487 ,
1439 2456 1500 2482 etc.
1518 2448 1694 2481 laver-tice
1709 2448 1762 2481 Ja-

1136 2498 1236 2531 niculi
1255 2498 1405 2542 planities
1418 2505 1486 2537 est,
1505 2509 1577 2541 quae
1595 2498 1692 2530 eolles
1707 2508 1755 2530 su·

1135 2554 1228 2590 perat
1238 2571 1247 2585 .
1258 2558 1371 2580 serena
1385 2554 1418 2579 et
1431 2546 1509 2579 suda
1518 2570 1528 2586 ,
1540 2557 1607 2578 non
1621 2546 1767 2586 nebulis,

1139 2603 1177 2628 ut
1191 2596 1302 2636 valles,
1317 2604 1410 2628 tecta.
1425 2596 1486 2627 Hic
1497 2595 1582 2627 horti
1590 2594 1765 2634 Martialis,

1140 2653 1201 2677 etc.
1210 2663 1258 2671 —-
1268 2646 1356 2676 Puris
1364 2647 1461 2676 aseris.
1474 2645 1559 2676 Pura
1569 2652 1664 2676 vocat
1672 2651 1768 2683 ntra,

1142 2705 1217 2736 qua».
1234 2694 1331 2726 nullis
1346 2693 1472 2726 nebulis
1487 2692 1629 2736 aspectui
1646 2693 1771 2725 subtra-

1455 2757 1540 2818 29⁴
