2447 3518
607 487 699 516 xtn
824 473 1255 516 DISSERTATIO
1288 475 1373 516 DE
1406 475 1698 518 INGENIO

753 549 973 587 Hexametris
989 551 1205 599 epigramma
1225 552 1331 588 sacis?
1349 552 1423 588 scio
1439 551 1558 588 dicere
1572 555 1748 589 Tuccam:

828 612 962 656 Tucca,
976 610 1067 647 solet
1082 611 1174 654 fieri;
1190 610 1342 659 denique
1362 614 1502 656 Tucca,
1518 610 1611 648 licet.
1624 619 1635 635 ¹
1654 615 1691 657 );

605 710 765 753 aliunde
781 711 943 754 tandem
964 727 1156 755 versuum
1173 728 1389 756 numerum
1408 714 1494 756 sine
1509 712 1636 756 limite
1651 721 1781 768 certo,
1789 727 1913 772 qma-

605 790 726 834 quam
750 777 990 819 Parmenio:

748 889 829 933 Φημὶ
846 890 1040 949 :tolum-qim
1059 891 1289 934 ἐπιγράμματος
1305 891 1340 922 οὔ
1356 889 1439 922 κατὰ
1457 891 1572 933 μούσας

822 941 907 970 Ειναι
920 951 928 960 ·

604 1045 645 1078 et
665 1036 841 1094 Cyrillus
855 1052 865 1079 z

748 1150 907 1193 Πάγιαλόν
924 1151 990 1182 lor·
1005 1150 1188 1193 ἐπίγραμμα.
1204 1151 1239 1182 τὸ
1254 1146 1392 1191 δίστιχον
1406 1163 1414 1171 ·
1426 1150 1461 1185 ἣν
1478 1147 1515 1183 δδ
1530 1151 1679 1194 παρέλθῃς

823 1198 899 1236 Τοὺς
912 1200 989 1242 τρεῖς
997 1222 1007 1239 ,
1021 1195 1170 1242 ραψῳδιῖς
1179 1222 1188 1238 ,
1209 1198 1282 1231 :aba
1295 1198 1382 1243 ἰπὶγρ
1387 1210 1476 1242 amm,
1488 1199 1585 1242 λέγεις
1601 1222 1612 1240 ,

602 1311 729 1354 quum
743 1329 757 1351 ‚
778 1296 964 1355 inquam,
989 1297 1127 1340 omnia
1155 1296 1242 1340 hoec
1268 1311 1401 1355 neque
1422 1297 1612 1351 definita,
1640 1311 1774 1356 neque
1800 1311 1908 1356 prae-

603 1362 756 1419 scripta
780 1362 882 1416 sint,
904 1362 1004 1420 quid
1030 1370 1093 1404 est
1124 1362 1335 1419 proprium
1368 1362 1694 1420 epigrammatis,
1718 1377 1811 1420 quae
1837 1361 1910 1404 dos

603 1425 835 1485 singularis,
852 1427 943 1485 quis
968 1428 1187 1484 χαρακτῆρς
1212 1426 1320 1469 hanc
1339 1426 1620 1471 difficultatem
1643 1441 1772 1485 quum
1794 1424 1911 1469 intel-

602 1490 762 1534 lexisset
777 1491 993 1544 Martialis,
1015 1500 1160 1534 caetera
1181 1500 1325 1534 acutus
1350 1500 1393 1534 et
1416 1491 1607 1545 mordax,
1629 1500 1672 1534 et
1691 1490 1776 1534 hoc
1803 1500 1909 1534 tem-

601 1571 725 1614 pore,
748 1556 828 1600 hoc
850 1555 941 1599 loco
959 1557 1123 1609 vivens,
1149 1571 1232 1614 quo
1258 1557 1454 1599 acuminis
1475 1555 1594 1599 laude
1616 1554 1754 1614 plures
1780 1554 1911 1601 multo

601 1621 794 1663 florerent
819 1636 943 1679 quam
977 1630 1072 1664 ante
1098 1620 1344 1674 floruerant,
1370 1629 1412 1664 et
1443 1619 1558 1679 plebs
1592 1621 1716 1663 etiam
1751 1620 1912 1663 urbana

601 1685 809 1729 literarum
838 1686 948 1728 haud
972 1685 1091 1744 plane
1123 1686 1235 1729 rudis
1258 1694 1386 1739 esset,
1407 1686 1522 1743 quasi
1543 1686 1587 1728 in
1608 1700 1702 1728 aere
1725 1686 1817 1745 ipso
1841 1686 1910 1729 At-

601 1752 727 1794 ticum
754 1750 960 1809 quoddam
986 1760 1028 1794 et
1055 1752 1300 1794 concinnum
1333 1751 1507 1808 spiraret
1532 1765 1581 1794 ac
1608 1749 1910 1794 circumfunde-

601 1825 732 1870 retur,
765 1831 927 1858 necesse
962 1816 1207 1858 existimavit
1222 1848 1234 1868 ‚
1263 1824 1310 1858 ut
1348 1814 1524 1858 difficilis
1553 1814 1695 1873 judicii
1723 1815 1910 1858 homines

600 1881 900 1932 detinerentur,
934 1881 1110 1923 emicare
1143 1881 1438 1923 amarissimum
1474 1889 1546 1923 aut
1579 1878 1910 1923 delicatissimum

601 1945 805 2003 quoddam
839 1946 882 1988 in
907 1944 1011 1999 fine,
1042 1954 1084 1988 et
1112 1954 1295 1988 extremo
1329 1943 1527 2002 opusculo
1555 1944 1730 1988 vividius
1759 1943 1913 1988 titillari

600 2020 669 2053 aut
697 2011 841 2068 pungi,
857 2009 963 2053 allici
989 2018 1061 2051 aut
1083 2009 1264 2053 vellicari
1287 2009 1538 2052 audientium
1566 2024 1696 2052 aures.
1724 2011 1820 2052 Hoc
1848 2010 1913 2051 in-

600 2075 780 2117 auditum
818 2084 937 2117 antea
970 2090 1098 2133 genus
1130 2074 1333 2117 scribendi
1357 2075 1467 2133 quod
1494 2076 1537 2117 in
1569 2073 1701 2117 soluta
1728 2075 1915 2117 oratione

600 2140 904 2199 apophthegma
926 2149 998 2182 aut
1018 2140 1310 2197 epiphonema,
1333 2148 1509 2193 vocant,
1527 2148 1569 2182 et
1594 2155 1676 2197 quo
1693 2138 1801 2183 fiunt
1818 2154 1914 2182 vere

599 2206 912 2263 epigrammata,
951 2214 1061 2248 recte
1096 2219 1191 2248 cum
1224 2205 1388 2248 Radero
1418 2204 1722 2262 comparaveris
1746 2221 1768 2244 α
1803 2218 1914 2246 nunc

600 2271 793 2328 pugioni,
818 2285 900 2328 quo
928 2270 1110 2328 punctim
1133 2269 1277 2312 feritur
1303 2270 1452 2322 hostis,
1474 2284 1585 2311 nunc
1613 2269 1824 2327 scorpioni
1843 2270 1914 2327 qui

599 2335 729 2378 cauda
750 2335 837 2388 icit,
861 2335 985 2377 modo
1010 2335 1140 2393 piperi
1168 2334 1278 2392 quod
1305 2335 1528 2377 acrimonia
1554 2348 1626 2376 sua
1651 2332 1816 2377 mordet
1838 2332 1914 2376 lin-

599 2415 746 2457 guam,
765 2415 875 2443 nunc
894 2398 975 2442 felli
994 2398 1104 2457 quod
1129 2400 1442 2442 amarissimum.
1466 2417 1488 2440 w
1508 2398 1521 2414 ²
1540 2400 1670 2442 Porro
1696 2398 1798 2442 hinc
1819 2413 1912 2442 eve-

599 2466 680 2519 nit,
711 2474 756 2508 ut
787 2466 903 2508 vivus
933 2465 1067 2508 adhuc
1094 2463 1257 2508 Catullo
1288 2464 1419 2522 major
1443 2472 1658 2506 caneretur
1684 2462 1887 2506 Martialis
1901 2496 1913 2514 ,

600 2545 730 2588 neque
759 2546 835 2573 nos
860 2531 929 2587 qui
960 2531 1122 2572 Maroni
1146 2532 1385 2583 Lucanum,
1402 2528 1535 2572 Tullio
1568 2531 1766 2572 Senecam
1799 2538 1912 2587 post-

653 2669 681 2689 1.
698 2652 837 2699 Ᾰνθολῡγ.

649 2719 680 2738 2.
698 2704 815 2738 Rader.
832 2704 1005 2737 Prolemm.
1021 2703 1062 2736 ad
1076 2704 1214 2736 Mar-nial.
1228 2714 1298 2746 cap.
1316 2705 1345 2735 ⁵.
