2447 3518
567 497 619 525 12

1176 625 1243 678 V.

904 481 965 523 M.
988 481 1061 523 VA
1074 482 1120 523 L.
1155 480 1515 524 MARTIALIS

853 778 914 806 DE
948 776 1219 807 PASH’HAES
1251 777 1579 807 SPECTACULO.

564 889 663 924 Inter
676 886 744 923 alia
756 885 960 934 spectacula
972 885 1141 922 exhibitae
1151 893 1234 922 sunt
1243 894 1281 922 et
1290 885 1416 935 priseoe
1429 885 1558 922 fabulae
1567 911 1579 930 ‚
1594 886 1632 922 in
1646 897 1756 922 arens
1768 894 1872 923 acte:

613 946 673 981 hic
684 953 803 982 autem
811 943 1002 992 Pasiphaes
1013 944 1188 980 nefandus
1200 956 1282 980 cum
1292 952 1397 981 tauro
1408 945 1634 990 concubitus;
1644 944 1874 993 obstupaeees

614 1005 763 1040 fortasse
776 1004 828 1040 rei
841 1002 1059 1040 incredibilis
1068 1004 1260 1040 foeditatem
1268 1031 1279 1049 ,
1288 1003 1350 1040 sed
1359 1003 1405 1040 ad
1413 1003 1700 1053 corruptissimos
1706 1004 1803 1041 illius
1814 1016 1875 1041 εω-

614 1065 685 1101 culi
702 1065 881 1113 etiamque
900 1063 1072 1113 principis
1090 1076 1208 1100 mores
1226 1064 1350 1100 oculos
1369 1072 1537 1101 converte
1549 1091 1560 1110 ‚
1577 1064 1716 1102 desines
1740 1064 1874 1101 mirari.

612 1124 694 1160 vid.
710 1124 819 1173 Apul.
836 1126 981 1160 Metam.
994 1126 1041 1160 X.

635 1245 658 1285 J
660 1256 842 1286 uncum
860 1241 1091 1300 Pasiphaen
1113 1242 1274 1284 Dictaeo
1294 1241 1448 1285 credite
1466 1250 1606 1298 taut-03

699 1307 888 1351 Vidimus
908 1323 917 1349 ε
939 1307 1098 1365 accepit
1116 1305 1252 1349 fabula
1272 1307 1405 1366 prisca
1423 1307 1560 1351 fidem.

636 1372 724 1416 Nec
745 1388 787 1415 se
806 1372 997 1423 miretur,
1018 1373 1175 1424 Caesar,
1196 1371 1377 1431 longaeva
1398 1381 1598 1416 vetustas:

699 1437 908 1496 Quicquid
930 1437 1039 1480 fama
1056 1438 1188 1498 canit,
1208 1436 1335 1480 donat
1352 1452 1478 1480 arena
1499 1438 1586 1481 tibi.

639 1556 839 1613 Πασιφάην
862 1557 1062 1605 mettica-H
1085 1556 1306 1612 ὀπυιομένην
1328 1557 1402 1598 ὑπὸ
1423 1558 1580 1614 ταύρου·

703 1621 914 1679 Δέργμθα,
940 1620 1086 1669 πιςώθη
1110 1620 1270 1678 πλάσμα
1296 1623 1558 1682 παλαιγενέων.

641 1689 711 1734 Μή
731 1703 770 1728 τι
790 1688 930 1744 χρόνων
947 1690 1101 1737 πολιῶν,
1119 1687 1287 1744 Καῖσαρ,
1305 1687 1483 1743 καύχημα
1498 1686 1657 1745 γενέσθω
1669 1703 1680 1712 ·

706 1741 817 1794 Ocea
841 1752 952 1809 φάτις
977 1751 1147 1810 θρυλλεῖ,
1169 1755 1245 1792 σεῖο
1270 1751 1424 1809 θέατρον
1448 1753 1536 1809 ἔχει.

626 1875 642 1890 “’
657 1879 820 1912 Blandum
839 1879 956 1912 Coesari
969 1878 1143 1923 inscriptio
1158 1886 1207 1912 est

581 1930 613 1962 in
629 1928 725 1961 codd.
742 1940 815 1961 cum
829 1927 904 1960 Ald.
918 1928 1010 1960 Junt.
1029 1928 1157 1972 Gryph.
1174 1936 1207 1960 et

580 1978 651 2010 aliis
666 1976 759 2009 editt.
777 1984 856 2009 vett.
868 1978 915 2008 Dc
929 1977 1075 2019 Pasiphae
1092 1976 1207 2008 memi-

581 2027 641 2059 nit.
655 2026 800 2058 Ramires
820 2024 862 2057 de
882 2024 988 2057 Prado
1003 2037 1012 2057 :
1030 2025 1079 2057 De
1093 2033 1207 2069 specta-

580 2076 647 2107 culo
668 2076 830 2117 Pasiphaes
847 2074 1025 2106 Marcilius.

635 2136 647 2156 ι
656 2149 664 2156 .
684 2124 821 2155 Iunctum
835 2123 1003 2166 Pasiphaen
1017 2123 1132 2154 Dicta-o
1145 2135 1207 2153 cre-

579 2173 641 2205 dite
648 2181 745 2211 taum;
754 2173 890 2204 Vidimus
896 2171 996 2204 Ald.J
1001 2179 1071 2204 unt.
1078 2171 1207 2215 Gryph.

582 2230 613 2255 et
627 2222 696 2254 aliae
706 2229 785 2254 vett.
805 2237 817 2250 ι
832 2222 909 2253 Post
923 2231 1042 2252 nomen
1057 2228 1142 2252 tauro
1155 2232 1207 2264 ap·

583 2283 670 2315 pone
690 2269 816 2315 periodi
834 2278 944 2302 notam
955 2294 965 2309 ,
982 2268 1071 2314 quod
1089 2269 1135 2301 ibi
1151 2269 1208 2301 ab·

583 2320 725 2352 solvatur
754 2319 925 2352 sententia.
950 2335 964 2349 »
993 2338 1042 2345 -
1071 2319 1210 2349 Junctam

583 2370 764 2412 Pasiphaen.
781 2368 956 2412 Pasiphae,
973 2368 1040 2400 filia
1057 2367 1158 2405 Solis,
1178 2374 1211 2399 et

584 2430 667 2450 uxor
699 2418 822 2449 Minois
855 2417 942 2460 regis
977 2417 1081 2450 Cretae
1094 2440 1103 2456 ,
1133 2415 1211 2448 arsit

584 2477 696 2498 amore
710 2466 804 2498 tauri.
821 2466 896 2498 Haec
910 2466 1018 2498 fabula
1034 2465 1109 2497 satis
1122 2473 1210 2497 nota.

585 2535 633 2541 -—
647 2515 775 2547 Dictaeo.
788 2515 951 2554 Cretensi,
964 2526 982 2546 a
993 2515 1087 2547 Dicte
1099 2522 1211 2546 monte

585 2566 700 2598 Cretae.

638 2627 668 2645 2.
690 2614 812 2654 Accepi!
825 2612 929 2654 fidem.
950 2612 1035 2643 Vera
1054 2611 1210 2644 creditur.

638 2662 669 2694 3.
691 2662 754 2694 Nec
769 2673 822 2692 sua
839 2663 958 2692 miretur
972 2663 1059 2703 conj.
1078 2663 1155 2693 Ant.
1170 2660 1212 2692 de

587 2712 700 2755 Rooy,
719 2719 754 2743 ut
777 2723 828 2754 ap.
844 2711 946 2743 Tacit.
964 2711 1048 2742 Ann.
1067 2711 1119 2750 11,
1140 2721 1211 2752 cap.

1259 1879 1322 1912 ult.
1350 1895 1364 1908 ι
1383 1879 1586 1923 Caninii-que
1606 1878 1713 1912 adhue
1733 1879 1886 1912 bulum

1259 1926 1345 1971 apud
1362 1936 1492 1970 gentes,
1509 1929 1699 1961 Graecorum
1715 1929 1887 1961 annalibus

1259 1977 1408 2020 ignotus,
1418 1977 1475 2021 qui
1483 1990 1538 2009 sua
1548 1985 1674 2010 tantum
1683 1978 1856 2010 mirantur.
1870 1995 1883 2006 -

1260 2026 1366 2057 Habet
1381 2033 1505 2066 tamen,
1520 2038 1587 2070 quo
1612 2038 1647 2059 se
1669 2034 1819 2066 tueatur,
1836 2039 1889 2059 re·

1259 2082 1353 2118 cepta
1373 2075 1479 2107 lectio.
1498 2074 1586 2107 Vide
1607 2075 1664 2107 lib.
1689 2075 1793 2114 XIII,
1810 2076 1890 2119 Epi-

1259 2135 1361 2166 gram.
1380 2136 1409 2155 2.
1426 2144 1476 2149 -—
1487 2124 1550 2156 Nec
1560 2137 1591 2155 se
1603 2126 1732 2157 miretur.
1749 2124 1891 2167 Propter

1260 2183 1318 2204 sua
1343 2172 1515 2213 miracula,
1538 2180 1596 2204 aut
1619 2173 1728 2216 potius
1751 2181 1891 2216 propter

1262 2220 1404 2259 fabulas,
1423 2233 1494 2265 quae
1510 2222 1543 2254 in
1560 2222 1811 2264 Amphitheatro
1826 2223 1893 2254 Do·

1261 2270 1388 2301 mitiani
1407 2282 1483 2303 vere
1494 2270 1821 2314 repraesentabantur.
1841 2270 1894 2303 Si-

1261 2318 1338 2350 mile
1352 2319 1572 2362 spectaculum
1586 2319 1778 2352 exhibuerat
1791 2320 1893 2360 Nero,

1263 2367 1349 2399 inter
1358 2368 1588 2411 Pyrr-bicatum
1600 2376 1800 2412 argumenta.
1810 2370 1894 2401 Sue-

1264 2416 1374 2448 tonius
1390 2416 1424 2448 in
1444 2417 1575 2449 Nerone
1582 2441 1591 2456 ,
1609 2428 1682 2460 cap.
1707 2428 1757 2449 12.
1777 2431 1790 2444 ε
1808 2418 1895 2450 Tau·

1264 2477 1320 2497 rus
1344 2466 1522 2509 Pasiphaen
1550 2466 1659 2509 ligneo
1681 2467 1831 2509 juvencae
1851 2467 1895 2500 si-

1265 2514 1412 2546 mulacro
1442 2514 1584 2547 abditam
1614 2515 1708 2554 iniit,
1733 2523 1770 2547 ut
1797 2516 1895 2547 multi

1265 2564 1480 2606 spectantium
1507 2562 1730 2596 crediderunt.
1757 2581 1770 2592 =
1801 2564 1896 2597 Idem

1267 2611 1365 2644 fuisse
1380 2620 1488 2645 censet
1508 2613 1538 2644 J.
1562 2614 1710 2656 Rutgers.
1733 2625 1801 2645 var.
1820 2614 1895 2647 lect.

1267 2661 1325 2692 lib.
1340 2661 1384 2700 V,
1398 2673 1466 2705 cap.
1485 2662 1562 2700 XV,
1575 2660 1715 2704 proinde
1730 2672 1796 2694 non
1811 2662 1898 2695 Mar-

1268 2709 1351 2741 tialis
1369 2721 1437 2742 esse
1453 2710 1516 2743 hoc
1531 2710 1634 2754 epigr.
