2447 3518
637 1886 642 1888 .
782 1876 785 1879 ·
953 1870 1002 1887 ,τι-
1030 1862 1043 1873 “”
1174 1884 1177 1889 ,

569 1913 640 1955 phin
653 1913 732 1944 nei-i
746 1933 758 1947 ,
775 1912 834 1944 fib.
853 1911 922 1946 ΙΙΙ,
942 1911 1042 1953 epigr.
1059 1922 1102 1942 m
1117 1935 1128 1948 ,
1145 1922 1195 1944 va

568 1961 609 2000 33
628 1961 771 1992 sontibus
789 1960 876 1991 enim
896 1967 929 1990 et
947 1959 1052 1990 fluviis
1071 1958 1190 1990 divini-

566 2017 661 2041 tatem
685 2009 793 2040 nescio
820 2020 916 2051 quam
934 2007 1112 2050 adsignavit
1132 2019 1189 2039 ru·

565 2058 616 2090 dis
636 2059 688 2090 illa
704 2058 885 2101 antiquitas.
907 2077 955 2083 —
971 2058 1072 2088 Litora
1087 2064 1186 2098 grata.

566 2108 644 2139 Aliis
664 2108 783 2138 scilicet
807 2105 898 2137 annis
916 2114 970 2137 aut
989 2106 1186 2148 tempestati-

567 2158 636 2188 bus.
668 2157 730 2187 Vel
758 2155 853 2187 etiam
882 2155 957 2197 hnc*
971 2162 1185 2198 tempestate,

565 2206 640 2249 quia
659 2222 672 2233 -
690 2206 837 2236 omnium
860 2217 928 2235 non
951 2203 1049 2235 modo
1069 2203 1185 2241 ltaliae,

565 2253 621 2286 sed
630 2262 699 2286 toto
710 2255 790 2286 orbe
798 2262 955 2285 terrarum
966 2252 1185 2296 pulcherrima

565 2305 747 2346 Campaniae
777 2304 865 2346 plaga
885 2310 932 2333 est
955 2319 967 2330 ι
985 2326 994 2339 ,
1016 2310 1051 2333 ut
1071 2301 1186 2333 Florus

564 2352 685 2385 scribit.
713 2353 780 2383 Nec
808 2352 942 2383 miretur
969 2351 1186 2388 Rambesius,

561 2409 651 2443 grata
671 2400 735 2432 dici
751 2425 759 2441 ‚
783 2412 848 2444 quo
864 2409 1010 2442 tempore
1033 2406 1126 2431 aestus
1146 2399 1185 2430 il-

564 2452 666 2483 larum
695 2450 886 2492 fugiebatur.
911 2449 1071 2491 Loquitur
1098 2448 1186 2479 enim

564 2499 605 2532 (le
624 2500 705 2538 iuis,
726 2507 761 2530 ut
780 2506 893 2530 natura
908 2509 962 2528 sua
978 2505 1069 2536 sunt,
1083 2497 1184 2528 nimio

564 2557 640 2580 :estu
650 2548 706 2580 etsi
724 2559 811 2579 nunc
823 2559 864 2578 ex
880 2546 1056 2584 accidenti,
1070 2554 1101 2577 et
1114 2557 1184 2577 cer-

564 2599 655 2631 tatim
683 2597 934 2641 praedicaverant
962 2596 1054 2628 multi
1081 2603 1184 2637 poeta!

1265 1881 1395 1890 ,vr.r.⁴.,
1441 1883 1456 1903 ι
1497 1882 1549 1890 ,...
1590 1874 1630 1888 ¹⁴.
1696 1883 1707 1898 ,γ
1757 1885 1759 1889 .
1801 1886 1821 1888 ,.

1245 1910 1355 1944 situm.
1370 1910 1502 1944 nietam
1514 1919 1561 1944 est
1573 1913 1679 1944 Tibur
1696 1925 1713 1944 a
1727 1913 1869 1945 Tib-:nn

1243 1958 1431 1997 conditore,
1444 1960 1499 2003 qui
1515 1968 1546 1991 et
1554 1960 1702 1992 Catillus.
1717 1961 1867 1993 Solinus:

1248 2024 1261 2035 ι
1280 2008 1404 2048 Tibur,
1423 2009 1506 2040 sicut
1525 2008 1607 2041 cato
1625 2009 1702 2041 facit
1722 2010 1867 2042 testimo-

1243 2056 1333 2087 nium
1344 2081 1353 2095 ,
1375 2068 1391 2088 a
1407 2057 1525 2089 Catillo
1541 2058 1666 2089 Arcade
1677 2081 1687 2095 ,
1714 2060 1868 2102 praefecto

1241 2106 1347 2137 classis
1371 2105 1536 2145 Evandri,
1562 2106 1645 2138 sicut
1672 2107 1804 2139 Sextius
1829 2109 1867 2140 ab

1240 2155 1359 2196 Argiva
1381 2156 1560 2197 juventute.
1586 2155 1726 2187 Catillus
1754 2157 1866 2196 enim,

1240 2204 1427 2246 Amphiarai
1442 2204 1528 2235 filius
1538 2228 1547 2241 ‚
1560 2212 1632 2246 post
1650 2204 1867 2248 prodigialem

1240 2253 1339 2295 patris
1355 2253 1402 2284 sui
1422 2252 1506 2295 apud
1524 2253 1653 2284 Thebas
1673 2253 1845 2286 interitum
1857 2278 1867 2291 ,

1243 2301 1355 2332 OEclei
1376 2301 1426 2333 avi
1447 2303 1538 2344 jussu
1572 2313 1649 2333 cum
1669 2303 1762 2334 omni
1792 2304 1868 2336 soetu

1241 2350 1290 2381 vel
1307 2362 1396 2382 sacro
1411 2351 1539 2388 missus,
1552 2359 1616 2382 tres
1629 2351 1752 2383 liberos
1764 2353 1799 2383 in
1811 2354 1869 2385 Ita-

1240 2399 1280 2429 lia
1298 2399 1499 2442 procreavit,
1513 2400 1689 2431 Tiburtum
1700 2425 1710 2439 ‚
1731 2401 1867 2440 Coram,

1240 2448 1392 2479 Catillum
1406 2472 1415 2486 ,
1435 2449 1491 2491 qui
1510 2447 1654 2491 depulsis
1675 2461 1718 2481 ex
1743 2450 1869 2494 oppido

1239 2496 1355 2528 Sicssiae
1384 2496 1547 2528 veteribus
1570 2497 1696 2529 Sicanis
1713 2523 1723 2538 ‚
1757 2512 1774 2530 a
1813 2512 1869 2532 no·

1238 2545 1326 2577 mine
1340 2546 1486 2584 Tiburti,
1502 2546 1609 2577 fratris
1620 2554 1702 2579 natu
1716 2549 1870 2590 maximi,

1240 2595 1353 2626 urbem
1371 2603 1535 2627 vocarunt.
1558 2611 1571 2622 -
