2447 3518
733 441 765 468 ιι
1130 429 1436 470 EDITORIS
1469 430 1630 472 Novi

793 526 888 565 Haec
916 524 1099 581 equidem
1129 539 1223 566 vera
1250 524 1373 567 nolim
1410 525 1573 567 diffiteri
1594 541 1602 566 :
1625 540 1855 583 quanquam
1877 560 1889 579 ‚
1921 529 2029 585 quod

725 597 979 641 obscuritatis
1012 614 1175 642 causam
1210 615 1292 641 non
1326 602 1542 658 perspicias
1574 609 1615 643 et
1646 603 1823 660 assignes
1842 636 1854 657 ,
1887 618 1935 644 ex
1980 619 2030 646 eo

726 689 808 716 non
829 676 1010 731 sequitur
1029 676 1255 717 necessario
1279 676 1405 717 inesse
1428 676 1739 729 obscuritatem3
1759 692 1889 736 neque
1901 712 1913 732 ,
1931 679 2028 721 dum

724 764 768 791 re
803 764 899 791 vera
930 751 1210 793 immorabitur
1247 752 1389 808 saepius
1422 760 1463 794 et
1487 752 1688 794 haesitabit
1713 754 1783 810 qui
1815 752 2028 811 legendum

725 827 951 870 Martialem
978 826 1193 883 suscipiet,
1211 826 1302 882 jure
1327 826 1499 878 dixeris,
1526 842 1601 869 nec
1629 828 1926 871 immorandum
1948 845 2027 872 un-

723 918 844 962 quam
866 917 972 954 esse,
1002 914 1077 943 nec
1100 900 1379 944 haesitandum.
1400 900 1478 944 Sed
1502 916 1553 944 ne
1579 901 1697 959 plura
1716 903 1756 945 in
1775 904 1912 958 irrito,
1939 920 2028 947 eam

721 993 883 1023 causam
900 976 1014 1020 facile
1033 977 1209 1034 reperire
1226 985 1307 1028 est,
1321 992 1409 1034 quae
1426 977 1558 1019 minus
1575 979 1811 1036 perspicuos
1822 981 2030 1038 Epigram-

721 1056 877 1098 matarii
903 1054 1029 1097 nostri
1039 1054 1155 1110 jocos
1170 1067 1276 1111 saepe
1290 1052 1408 1105 facit,
1428 1052 1650 1096 dummodo
1667 1054 1807 1097 sedulo
1827 1057 2004 1099 excutias
2016 1089 2028 1108 ,

720 1140 760 1174 et
785 1129 903 1188 quale
931 1130 984 1172 sit
1012 1127 1067 1171 illi
1099 1129 1248 1187 ingenii
1277 1143 1423 1187 genus,
1453 1138 1495 1171 et
1519 1130 1665 1187 quibus
1696 1131 1901 1188 ingenium
1929 1131 2025 1174 illud

721 1221 839 1248 suum
860 1204 1063 1263 applicare
1089 1204 1354 1246 consueverit.

781 1281 964 1339 Nempe,
991 1288 1037 1322 ut
1068 1279 1191 1321 facies
1220 1287 1261 1321 et
1290 1288 1445 1322 statura
1468 1280 1682 1322 hominum
1696 1313 1708 1333 ,
1741 1282 1797 1324 ita
1819 1282 2023 1339 ingenium

718 1355 928 1415 multiplex
942 1354 1145 1413 quoddam
1168 1362 1209 1396 et
1227 1356 1384 1396 varium
1404 1364 1476 1397 est.
1500 1357 1554 1398 At
1566 1371 1640 1408 ne,
1661 1357 1703 1397 in
1723 1356 1963 1415 multiplices
1985 1367 2026 1401 et

718 1447 847 1491 prope
881 1433 1111 1473 innumeras
1128 1464 1140 1484 ,
1175 1430 1286 1488 quod
1318 1431 1458 1484 aiunt,
1494 1431 1759 1489 specialitates
1792 1435 1825 1474 si
1861 1433 2025 1492 degredi

718 1509 907 1552 acciderit
924 1540 936 1558 ,
968 1506 1065 1549 nihil
1093 1508 1177 1564 jam
1214 1515 1461 1559 secernatur,
1485 1515 1526 1548 et
1556 1517 1799 1550 evanescant
1833 1511 2025 1568 praecipui

717 1590 966 1643 χαρακτῆρες,
983 1581 1130 1640 duplex
1148 1591 1306 1624 tantum
1325 1583 1473 1641 ingenii
1492 1597 1618 1640 genus
1636 1582 1906 1641 distinguitur.
1920 1584 2025 1627 Illud

717 1659 941 1710 excelsum,
960 1667 1000 1700 ot
1018 1666 1177 1700 vastum
1190 1689 1202 1707 ,
1223 1667 1264 1700 et
1284 1656 1473 1710 sublime,
1497 1656 1579 1699 «nil
1602 1673 1773 1716 parvum
1794 1668 1866 1701 aut
1883 1660 2023 1702 humili

718 1737 865 1789 modo,
887 1735 942 1777 nil
966 1733 1135 1776 mortale
1149 1751 1170 1773 »
1188 1742 1304 1776 sonat
1319 1725 1341 1786 ς’
1357 1733 1528 1776 alterum
1548 1744 1760 1792 argutum,
1782 1735 1951 1789 subtile,
1974 1738 2025 1777 vi-

717 1811 853 1854 vidum
871 1843 882 1863 ‚
908 1810 1135 1868 lepidissimi
1164 1810 1358 1852 acuminis
1374 1838 1389 1863 ,
1420 1809 1680 1868 rapidissimae
1716 1812 1904 1869 nequitiae
1934 1811 2025 1868 plus

718 1887 850 1929 habet.
873 1885 932 1928 Illi
949 1885 1082 1944 placet
1103 1900 1226 1942 regna
1242 1893 1284 1926 et
1305 1900 1440 1943 reges,
1467 1886 1680 1943 magnifice
1702 1896 1837 1944 gesta,
1859 1901 2024 1945 magnas

718 1961 852 2004 clades
873 1961 1107 2019 gravissima
1127 1974 1226 2002 voce
1253 1958 1384 2016 loqui3
1407 1960 1505 2003 huic
1526 1975 1624 2003 vero
1647 1975 1670 2002 e
1690 1963 1855 2003 summis
1879 1963 1918 2003 in
1945 1964 2023 2005 ima

718 2037 830 2095 quasi
844 2034 1104 2078 ‹lesultatoria
1120 2049 1252 2092 penna
1264 2033 1432 2076 volitare
1442 2067 1454 2088 ,
1470 2044 1512 2077 et
1527 2034 1628 2077 sales
1640 2050 1847 2094 spargere,
1861 2046 1901 2079 et
1917 2038 2022 2080 face-

720 2113 816 2165 tias,
841 2120 882 2153 et
903 2111 1030 2168 jocos.
1053 2112 1254 2152 Homerus
1277 2119 1319 2153 et
1335 2111 1496 2169 Tragici
1522 2119 1563 2153 et
1583 2111 1899 2170 Dithyrambicae
1921 2129 2020 2171 poe-

720 2202 808 2230 seos
842 2187 1028 2244 princeps
1060 2185 1255 2227 Pindarus
1281 2183 1350 2227 illo
1375 2184 1586 2239 claruere;
1612 2185 1691 2229 lioc
1716 2188 2022 2247 Σατυρογράφους

718 2272 760 2306 et
780 2263 993 2313 Comicos,
1022 2262 1100 2303 hoe
1131 2261 1439 2319 Aristophanem
1464 2270 1506 2303 et
1527 2262 1751 2304 Lucianum
1779 2264 1886 2321 apud
1915 2267 2023 2307 Gra.»

720 2354 811 2388 cos,
840 2338 880 2379 in
901 2336 1017 2379 ltalia
1043 2336 1229 2378 Plautum
1254 2344 1294 2378 et
1319 2335 1568 2388 Martialem,
1593 2338 1902 2381 commendavit.

788 2415 838 2455 At
856 2413 942 2456 haec
958 2412 1010 2455 de
1028 2412 1175 2470 quibus
1191 2412 1399 2468 jocantur,
1417 2411 1549 2470 qualia
1569 2427 1655 2456 esse
1672 2428 1781 2457 nunc
1801 2416 2021 2473 putemus?

725 2487 883 2531 Scilicet
900 2503 964 2530 res
983 2489 1076 2531 vitae
1097 2486 1315 2530 levissimas
1330 2496 1371 2530 et
1392 2488 1697 2543 minutissimas,
1715 2499 1761 2532 ut
1780 2491 1949 2534 civitatis
1968 2494 2018 2534 ri-

723 2562 842 2607 diculi
865 2578 1017 2616 mores,
1042 2563 1212 2605 vestium
1234 2562 1364 2605 forma
1382 2571 1426 2605 et
1448 2563 1578 2618 color,
1603 2565 1831 2609 convivales
1855 2582 2020 2624 appara-

725 2649 809 2693 tus,
835 2640 1038 2681 amatoriae
1070 2639 1279 2695 nequitiae,
1314 2638 1476 2696 religio.
1505 2641 1626 2693 aedcs,
1656 2641 1760 2689 ludi,
1792 2641 1871 2684 doli
1906 2652 1945 2684 ot
1977 2644 2016 2685 id
