2447 3518
809 481 1355 525 EPIGRAMMATUM
1388 483 1503 524 LIB.
1541 483 1621 523 IV.

1779 480 1868 540 387

1137 621 1295 674 XIV.

1064 762 1128 790 An
1163 743 1387 790 summ*

759 878 878 930 Sim,
900 874 1153 919 Castalidum
1179 875 1305 919 decus
1329 891 1539 930 sororum,

759 943 845 998 Qui
866 941 1046 1001 perjuria
1068 940 1235 983 barbari
1254 941 1404 984 furoris

757 1007 922 1065 Ingenti
943 1006 1096 1065 premis
1113 1021 1208 1060 ore,
1227 1000 1486 1065 perfidosque

762 1074 885 1115 Astus
904 1070 1167 1125 Hannibalis,
1184 1070 1375 1129 levesque
1394 1073 1541 1114 Poenos

761 1137 926 1195 Magnis
943 1135 1088 1179 cedere
1106 1137 1220 1195 cogis
1240 1136 1442 1179 Africanis
1461 1152 1471 1177 :
1872 1157 1886 1179 s

614 1258 629 1274 ⁴*
647 1260 699 1295 Ad
726 1261 844 1295 Silium
870 1262 1042 1301 Italicum,
1067 1268 1198 1305 poetam

566 1311 644 1345 satis
661 1319 778 1344 notum
797 1307 908 1355 (cujus
925 1310 1049 1343 mentio
1071 1318 1121 1343 est
1138 1310 1197 1343 lib.

567 1361 639 1401 Vl,
653 1360 756 1405 epigr.
773 1371 872 1399 urv,
887 1370 935 1391 vs.
954 1370 1019 1398 10,
1009 1372 1017 1379 ·
1037 1359 1096 1391 lib.
1110 1359 1198 1399 Vll,

567 1408 668 1453 epigr.
694 1419 803 1449 uim
831 1408 890 1441 lib.
912 1408 984 1449 xl,
1009 1407 1110 1452 epigr.
1138 1419 1196 1449 ιις

566 1459 660 1502 cnjus
685 1465 720 1491 et
745 1457 847 1490 vitam
871 1463 904 1489 et
922 1463 1063 1489 mortem
1087 1465 1199 1490 narrat

566 1506 687 1540 diserte
699 1506 785 1539 Plin.
797 1507 869 1550 jun.
880 1505 940 1538 lib.
953 1506 1027 1546 111,
1041 1504 1134 1549 epist.
1146 1500 1197 1549 7),

567 1555 670 1588 mittit
683 1567 740 1588 sua
752 1554 896 1589 carmina
911 1553 1091 1595 Martialis-3
1108 1561 1141 1587 et
1157 1555 1197 1586 ab

567 1616 627 1640 eo,
648 1602 779 1637 laudato
803 1603 918 1648 prius,
937 1602 1022 1647 petit
1045 1610 1083 1635 ut
1104 1614 1198 1635 suam

568 1652 712 1697 deponat
736 1652 939 1686 severitatem
972 1650 1015 1684 nd
1043 1650 1197 1694 legendos

568 1701 704 1735 lascivos
720 1701 872 1742 libellos;
887 1698 977 1745 quod
995 1699 1129 1745 quidem
1147 1700 1197 1733 illi

569 1749 707 1784 suadent
721 1750 942 1784 Saturnalium
956 1749 1036 1782 dies.

622 1811 653 1833 1.
680 1799 749 1833 Sila:
774 1799 872 1832 Silius
896 1798 1049 1836 Italicus,
1074 1805 1196 1842 poeta,

568 1848 700 1892 Virgilii
721 1848 869 1881 imitator
881 1846 1046 1885 assiduus
1059 1847 1197 1890 piusque

568 1896 651 1930 adeo
669 1891 793 1937 cultor,
807 1904 845 1929 ut
860 1897 932 1940 ejus
950 1895 1039 1928 diem
1058 1895 1198 1928 natalem

568 1945 811 1990 religiosissime
823 1944 1021 1983 celebraret,
1039 1952 1073 1977 et
1088 1944 1197 1989 sepul-

568 2002 841 2039 crum‚tanquam
854 2005 959 2033 aram,
974 1993 1128 2026 inviseret
1143 2004 1199 2025 sm·

571 2043 644 2087 pius
655 2067 666 2084 ,
676 2051 781 2076 metro
792 2042 923 2076 heroico
934 2042 1063 2085 scripsit
1074 2042 1197 2074 bellum

570 2092 730 2125 Punicum
749 2090 930 2125 secundum
948 2102 957 2123 :
974 2090 1091 2123 consul
1108 2089 1197 2123 idem

571 2141 635 2174 suit
666 2149 834 2185 postremo
860 2140 1001 2173 Neronis
1028 2150 1136 2178 anno,
1160 2151 1198 2172 ac

571 2188 712 2224 subinde
728 2189 811 2223 Asiae
829 2188 1019 2234 proconsul.
1037 2188 1117 2231 Ejus
1138 2199 1197 2229 pa·

571 2239 634 2272 tria
655 2239 718 2271 fuit
736 2238 917 2272 Corfinium
930 2261 940 2278 ,
963 2237 1198 2281 Pelignorum,

573 2289 606 2321 in
631 2287 744 2327 Italia,
767 2287 899 2322 civitas,
922 2297 994 2330 quae
1012 2285 1110 2318 etiam
1132 2286 1199 2318 Ita-

571 2337 635 2369 lica
649 2335 736 2369 dicta
752 2343 819 2375 est;
835 2335 887 2368 vel
901 2359 911 2374 ,
923 2343 962 2367 ut
977 2335 1104 2367 malunt
1122 2334 1197 2370 alii,

573 2385 705 2427 Italica,
721 2385 800 2417 urbs
818 2383 955 2416 Baeticae.
980 2383 1064 2416 Hinc
1079 2383 1127 2415 illi
1142 2394 1198 2416 co-

574 2445 717 2478 gnomen
742 2433 858 2466 Italici.
875 2431 982 2472 Vide,
996 2431 1024 2464 si
1043 2432 1201 2476 ampliora

575 2482 740 2516 desideras
746 2506 756 2523 ,
764 2481 1024 2515 dissertationem
1032 2480 1201 2513 clarissimi

575 2531 735 2576 Ruperti,
751 2532 809 2564 ubi
826 2530 927 2563 fusius
949 2529 1058 2573 agitur
1080 2527 1123 2561 de
1140 2541 1202 2561 no-

576 2580 667 2613 mine
688 2588 722 2613 et
738 2579 844 2624 patria
859 2579 929 2612 Silii
946 2578 1067 2617 Italici,
1081 2576 1123 2610 ad
1139 2578 1202 2610 cal-

576 2641 648 2662 cem
663 2629 727 2662 vol.
737 2630 772 2661 11
782 2636 901 2661 nostroe
915 2625 1079 2661 editionis.
1095 2631 1205 2659 En.—

579 2678 776 2711 Castalidum.
788 2677 891 2710 Musae
915 2676 1072 2709 dicuntur
1098 2676 1207 2708 Casta-

579 2726 663 2760 lides
675 2739 695 2760 a
711 2726 836 2771 virgine
852 2724 1009 2766 Castalia,
1021 2735 1093 2768 quae
1106 2723 1207 2768 Apol·

1251 1261 1353 1294 linem
1373 1262 1500 1305 fugiens
1522 1261 1564 1294 ad
1583 1260 1708 1295 radices
1732 1262 1881 1296 Parnassi

1254 1310 1262 1318 ⁸
1251 1311 1431 1343 mfontem
1453 1321 1472 1343 a
1486 1322 1521 1343 se
1538 1311 1716 1344 Castalium
1734 1310 1882 1353 dictum,

1252 1367 1286 1390 et
1300 1358 1404 1392 Musis
1418 1370 1569 1400 sam-um,
1587 1370 1681 1393 versa
1698 1367 1758 1393 est.

1303 1420 1335 1440 2.
1348 1408 1566 1452 Quipery‘uria,
1579 1416 1642 1442 etc.
1651 1406 1774 1442 Pei-fidi
1785 1411 1885 1456 vulgo

1251 1467 1289 1489 ac
1307 1455 1467 1501 foedisragi
1485 1457 1576 1490 Poeni
1592 1465 1670 1491 sunt
1688 1457 1820 1497 habiti.
1844 1468 1883 1493 ut

1250 1504 1322 1548 ipse
1348 1513 1487 1538 testatur
1506 1506 1606 1540 Silius
1631 1506 1763 1540 Italicus
1784 1507 1881 1548 initio

1250 1553 1349 1598 primi
1370 1555 1476 1587 libri·
1466 1579 1475 1587 .
1499 1555 1602 1587 «Ter
1620 1555 1727 1589 Marte
1746 1556 1880 1590 sinistro

1249 1602 1270 1635 J
1273 1611 1468 1647 uratumque
1482 1603 1502 1635 J
1504 1603 1558 1636 ovi
1568 1602 1690 1644 soedus,
1702 1613 1879 1639 conventu-

1250 1662 1315 1694 que
1324 1659 1456 1696 patrum
1463 1651 1592 1684 Sidonii
1607 1652 1732 1696 fregere
1744 1652 1853 1687 duces.
1862 1672 1875 1684 ι

1251 1699 1332 1734 vid.
1348 1701 1407 1733 lib.
1422 1701 1487 1738 Vl,
1506 1701 1609 1745 epigr.
1624 1712 1680 1734 xix
1689 1725 1700 1742 ,
1713 1713 1762 1734 vs.
1777 1705 1810 1735 6.

1301 1750 1336 1782 3.
1353 1750 1473 1792 Ingenti
1495 1761 1555 1782 ονε.
1575 1750 1703 1783 Sonoro
1724 1760 1757 1784 et
1774 1752 1881 1791 nobili

1250 1797 1405 1831 carmine.
1411 1798 1591 1832 —Premis.
1600 1798 1768 1843 Exagim,
1779 1811 1879 1834 versu

1250 1858 1363 1879 severo
1382 1847 1543 1891 increpas.

1302 1899 1334 1934 4.
1360 1896 1470 1928 Fatus
1488 1895 1660 1929 Annibalis
1684 1896 1761 1930 Ald.
1783 1898 1876 1930 Junt.
1934 1930 1941 1937 ,

1250 1944 1360 1978 Calin.
1383 1944 1517 1977 Junian.
1541 1945 1642 1989 Lang.
1666 1946 1787 1989 Delph.
1814 1954 1878 1980 etc.

1250 2005 1394 2038 toevosque
1410 1993 1517 2025 Poenos
1532 1993 1725 2027 Beverlandi
1742 1995 1815 2028 MS.
1827 2015 1879 2022 —

1250 2043 1395 2086 Levesque
1410 2042 1517 2074 Poenos
1537 2042 1659 2086 Magnis
1680 2043 1780 2076 cedere
1796 2048 1880 2088 cogis

1250 2092 1419 2132 Africanis.
1429 2089 1469 2123 Id
1480 2099 1528 2124 est
1538 2114 1549 2131 ‚
1559 2091 1648 2125 canis
1658 2116 1668 2132 ,
1683 2100 1714 2125 et
1724 2094 1879 2137 graphice

1250 2138 1399 2183 depingis
1409 2138 1688 2183 quemadmodum
1698 2142 1802 2174 coacti
1811 2143 1880 2184 fue-

1250 2188 1318 2220 rint
1326 2187 1441 2221 cedere
1450 2188 1680 2232 Scipionibus,
1670 2201 1678 2210 ·
1691 2198 1738 2222 est
1749 2191 1879 2234 poetica

1250 2237 1477 2280 metonymia,
1503 2248 1566 2281 qna
1590 2236 1748 2271 dicuntur
1771 2248 1877 2283 poetaa

1251 2285 1356 2318 facere
1389 2284 1424 2317 id
1453 2284 1546 2329 qnod
1579 2294 1701 2319 canunt
1732 2288 1877 2322 fartum.

1251 2334 1377 2372 παπ-τὴς
1389 2333 1477 2366 enim
1486 2345 1589 2378 grace
1595 2335 1875 2379 significatsactor,

1252 2395 1303 2426 qun
1297 2384 1403 2424 'suc-ie.
1414 2382 1466 2415 Sic
1479 2390 1513 2416 et
1526 2383 1701 2427 Virgilius,
1712 2385 1745 2418 in
1756 2386 1877 2427 Moeri,

1253 2443 1300 2465 vs.
1322 2443 1388 2475 ¹9·
1380 2457 1388 2464 .
1411 2432 1521 2472 uQuis
1534 2432 1670 2465 humum
1686 2433 1880 2467 florentibus

1253 2481 1364 2513 herbis
1376 2482 1549 2525 Spargeret
1560 2505 1569 2521 ‚
1585 2490 1642 2514 aut
1658 2482 1757 2517 viridi
1772 2483 1879 2517 sontes

1254 2527 1573 2563 induceretumbra?
1587 2546 1600 2560 ι
1615 2532 1834 2571 et‘Horatins,
1844 2533 1880 2565 iu

1258 2578 1322 2610 Sat.
1342 2579 1399 2610 lib.
1417 2579 1454 2618 1,
1470 2590 1490 2611 x
1506 2592 1513 2610 :
1536 2595 1549 2607 ι
1562 2576 1727 2623 Turgidu's
1742 2581 1882 2624 Alpinus

1255 2627 1380 2670 jugulat
1393 2626 1473 2660 dum
1486 2627 1673 2661 Memnona.
1695 2645 1707 2657 ι

1312 2677 1344 2708 5.
1370 2676 1492 2719 Magnis
1518 2677 1625 2709 cedere.
1658 2677 1767 2721 Scipio
1795 2679 1883 2711 cuim

1262 2725 1363 2767 major
1381 2748 1391 2765 ‚
1419 2724 1588 2759 Africanus
1619 2726 1863 2770 cognominatus
1877 2751 1886 2767 ,

1611 2791 1694 2835 25²
