2447 3518
862 1936 923 1962 DE
958 1935 1214 1962 CAERELLIA
1247 1934 1308 1961 ΕΤ
1342 1916 1585 1962 GELLIA.*

631 2050 760 2090 Diem·
781 2064 823 2089 sc
843 2048 1019 2090 vetulam
1034 2081 1046 2100 ‚
1064 2064 1191 2106 quum
1213 2048 1265 2089 sit
1284 2047 1468 2090 Caerellia
1489 2064 1640 2107 puppa
1665 2067 1674 2092 :

695 2114 878 2171 Puppam
901 2129 943 2155 se
964 2113 1061 2155 dicit
1079 2113 1230 2167 Gellia,
1249 2128 1374 2170 quum
1395 2114 1446 2155 sit
1465 2128 1588 2156 anus.

614 2235 629 2249 ⁸
647 2237 722 2268 Duo
748 2237 782 2268 in
804 2236 931 2268 duabus
953 2236 1091 2268 foeminis
1113 2248 1191 2268 con-

565 2286 663 2317 traria
691 2285 768 2317 vitia
794 2283 1025 2328 reprel1endit;
1051 2285 1188 2316 alterum

564 2333 719 2366 Caerellia:
730 2359 740 2372 ,
755 2346 827 2377 quae
843 2346 945 2377 quum
965 2341 1046 2365 esset
1061 2345 1170 2377 puppa
1180 2356 1191 2371 ,

565 2382 599 2414 id
616 2389 664 2413 est
679 2406 688 2420 ,
707 2382 945 2415 adolescentuia
967 2390 998 2415 et
1014 2390 1140 2420 tenera,
1157 2393 1191 2413 se

562 2431 705 2463 vetulam
723 2429 851 2463 dicebat
869 2442 877 2463 :
899 2431 1038 2463 alterum
1061 2431 1191 2468 Gellia,

564 2491 638 2524 quae
661 2491 765 2523 quum
790 2491 902 2522 reapse
930 2488 1011 2512 esset
1036 2491 1140 2517 anus,
1157 2490 1190 2511 se

564 2529 700 2560 vocabat
719 2540 863 2571 puppam
878 2552 887 2569 ‚
910 2536 942 2561 et
963 2537 1107 2560 teneram
1127 2528 1189 2559 fln-

561 2579 658 2621 gebat
682 2585 773 2620 gestu
798 2585 831 2609 et
859 2589 949 2609 voce.
981 2578 1123 2609 Ramires.
1141 2594 1189 2600 —-

562 2627 678 2669 Pappa.
697 2626 815 2658 Puella.
836 2625 968 2669 Pupus,
984 2626 1129 2669 pupulus
1157 2632 1190 2656 et

564 2674 705 2719 pupillus
715 2698 725 2713 ,
742 2674 878 2718 puerilia
894 2683 926 2706 et
939 2674 1069 2706 blandan
1083 2672 1190 2716 appel-

1244 2235 1375 2267 lationis
1392 2236 1539 2269 nomina.
1556 2237 1714 2281 liutger-5.
1733 2240 1831 2274 Hinc
1851 2253 1915 2275 vox

1245 2284 1358 2327 gallica
1374 2294 1383 2315 :
1399 2288 1524 2327 ponpe'e.

1292 2352 1341 2357 —
1349 2333 1424 2364 Hoc
1432 2333 1642 2375 epigramma
1653 2338 1842 2381 superiori
1858 2337 1913 2372 ad-

1243 2382 1391 2423 junctum
1408 2381 1530 2423 legitur
1548 2382 1587 2414 in
1607 2384 1773 2418 editione
1793 2387 1915 2421 Schre·

1245 2430 1308 2461 vel.
1329 2441 1407 2462 ann.
1436 2433 1545 2473 1670,
1568 2432 1608 2464 in
1636 2434 1806 2476 ejusdem
1832 2436 1915 2470 edit.

1244 2477 1349 2521 prima
1373 2490 1448 2509 ann.
1480 2480 1602 2520 1656,
1625 2493 1705 2514 non
1731 2485 1836 2517 item.
1860 2486 1919 2518 Aa

1246 2526 1394 2558 Collinum
1406 2538 1485 2559 vero
1504 2528 1722 2565 inscribitur
1740 2533 1779 2565 in
1795 2534 1915 2568 codiee

1244 2575 1415 2608 Thuaneo.

1297 2636 1309 2656 1
1319 2649 1326 2656 .
1346 2624 1493 2656 Cloereuia
1504 2638 1614 2670 puppa
1628 2629 1771 2673 legitur
1787 2633 1918 2666 Rever-

1245 2671 1334 2705 landi
1351 2673 1421 2706 MS.
