2447 3518
819 476 1356 519 EPIGRAMMATUM
1391 478 1510 518 LIB.
1545 476 1626 517 IV.

1781 475 1872 533 407

638 558 703 600 Sic
731 556 999 615 spoliatricem
1022 557 1281 600 commendat
1305 557 1432 600 fastus
1456 557 1654 609 amicam,
1862 572 1877 596 s

699 623 828 664 Janua
848 637 924 664 nec
940 622 1134 679 juvenem
1157 637 1316 680 semper
1338 631 1476 680 aperta
1499 629 1620 663 tenet.

637 688 792 745 Saepius
815 688 856 728 in
879 686 982 729 libro
1002 696 1253 729 memoratur
1275 688 1434 729 Persius
1456 701 1561 739 uno,

701 752 836 806 Quam
856 752 955 794 levis
975 753 1016 794 in
1037 761 1122 794 tota
1144 753 1306 795 Marsus
1327 751 1584 794 Amazonide.

573 868 659 901 mitti
678 869 781 902 solere
793 893 803 909 ,
823 877 856 901 et
874 876 985 901 tamen
1009 869 1197 902 Domitiano

571 917 754 961 imperante
784 919 895 950 Romae
923 918 1012 950 nasci
1045 925 1178 950 testatur
1188 941 1199 957 ‚

570 966 628 999 lib.
639 967 705 1006 VI,
718 966 819 1010 epigr.
835 978 935 1006 uxx3
946 966 1083 999 Romani
1095 966 1196 1006 euim,

571 1014 719 1047 omnium
740 1015 929 1048 deliciarum
947 1023 1090 1048 amantes
1108 1028 1123 1043 t
1136 1015 1197 1048 Pa-

570 1075 648 1096 rum
660 1075 694 1096 se
707 1064 812 1097 lautos
828 1065 984 1108 putabant
997 1089 1007 1104 ,
1025 1065 1089 1097 nisi
1101 1064 1196 1096 luxu-

569 1113 619 1144 ria
638 1113 784 1146 vertisset
803 1125 924 1146 annum
936 1137 945 1154 ,
964 1113 1027 1146 uisi
1051 1113 1197 1146 hiberum

569 1161 696 1204 poculis
721 1162 917 1195 innatassent
941 1173 1023 1195 roso
1040 1178 1053 1191 ι.
1068 1186 1077 1202 ,
1097 1170 1133 1194 ut
1152 1162 1198 1194 ait

570 1210 704 1244 Pacatus
716 1211 750 1243 in
761 1212 917 1256 Panegyr.
930 1210 1118 1244 Theodosii.
1132 1211 1195 1244 En.

569 1277 618 1285 --
631 1260 729 1291 Rosoe.
750 1260 802 1292 Sic
819 1260 875 1293 lib.
893 1261 923 1292 X
933 1283 942 1298 ‚
967 1261 1070 1304 epigr.
1087 1271 1170 1292 acm
1185 1282 1196 1300 ,

569 1318 618 1340 vs.
639 1309 657 1340 5
672 1319 681 1341 :
701 1324 713 1337 ι
728 1309 774 1341 Ut
796 1320 869 1341 rosa
885 1308 1024 1342 delectat
1035 1332 1045 1349 ,
1061 1308 1197 1342 metitur

570 1367 643 1400 quae
656 1358 775 1400 pollice
789 1358 908 1401 primo.
924 1373 937 1386 ι

622 1406 653 1438 5.
673 1405 756 1438 Sunt
777 1407 833 1450 qui
858 1407 965 1450 legant
984 1407 1113 1439 Faustus
1124 1419 1137 1445 ;
1164 1414 1196 1439 at

563 1455 664 1495 fastus
679 1455 733 1487 hic
753 1461 800 1487 est
822 1455 875 1488 illa
899 1455 1107 1488 meretricum
1124 1466 1173 1488 ars
1187 1479 1196 1493 .

569 1515 632 1547 qua
645 1502 790 1536 fastidire
798 1504 927 1548 fingunt
939 1511 1096 1537 amatores
1109 1501 1196 1545 siros,

569 1563 637 1596 quo
659 1553 764 1584 acrius
785 1552 975 1586 incendant.
999 1553 1063 1584 Alii
1083 1554 1196 1596 legunt

569 1602 699 1641 Fuscus,
712 1601 803 1635 litera
821 1602 996 1646 majuscula
1011 1626 1020 1642 ‚
1034 1602 1076 1634 ita
1097 1610 1135 1634 ut
1154 1603 1196 1635 sit

569 1661 691 1682 nomen
707 1652 886 1694 proprium.
904 1652 1016 1683 Fustus
1034 1651 1175 1694 Langins
1188 1675 1197 1693 ,

569 1710 681 1731 errore
713 1700 846 1732 forsitan
871 1700 1128 1743 typothetarum.
1147 1719 1195 1726 --

568 1747 621 1780 Sic
635 1749 828 1791 spoliatricem
841 1774 849 1788 ,
868 1756 930 1781 etc.
952 1749 1136 1792 Superbum
1152 1750 1196 1781 fa-

568 1796 702 1829 stidium
714 1798 893 1830 meretricis
905 1809 1055 1841 magnum
1064 1809 1197 1841 poscen-

569 1845 612 1877 tis
639 1846 782 1889 pretium
798 1870 808 1885 ‚
832 1854 864 1879 et
892 1854 1068 1879 amatorem
1090 1846 1196 1879 rarius

568 1893 789 1935 admittentis,
803 1895 879 1928 facit
893 1903 931 1928 ut
942 1895 1056 1939 majori
1070 1895 1105 1927 in
1120 1906 1195 1939 pre-

569 1943 617 1976 tio
631 1943 674 1976 sit
687 1944 850 1988 etgratior
859 1955 956 1988 quam
971 1943 1088 1977 Chloen
1103 1941 1193 1988 (sup.

569 1991 669 2036 egigr.
692 1991 852 2034 xxvur),
874 1993 924 2025 vel
948 1993 1090 2025 Fabulla
1116 1991 1193 2031 (su-

568 2051 639 2088 pra,
653 2042 755 2085 epigr.
770 2054 805 2074 u
813 2040 838 2082 ),
849 2052 983 2074 munera
994 2040 1112 2081 dantis,
1122 2052 1193 2073 non

567 2090 778 2135 accipientis,
805 2102 866 2124 nec
888 2102 1031 2134 unquam
1049 2090 1195 2135 negantis

559 2139 714 2172 facilitas.
729 2138 809 2172 vid.
826 2139 926 2173 Ovid.
944 2141 1052 2172 Amor.
1074 2140 1133 2172 lib.
1155 2140 1171 2171 1
1184 2163 1194 2178 ,

567 2188 648 2232 eleg.
664 2188 683 2220 8
696 2212 704 2227 ,
716 2195 748 2220 et
761 2187 802 2220 de
814 2190 885 2222 Art.
901 2188 959 2221 lib.
971 2188 1043 2227 111;
1059 2196 1091 2221 et
1106 2187 1195 2232 apud

566 2247 629 2269 nos
646 2237 816 2269 Ducereeau
836 2249 845 2270 z
866 2238 945 2269 Pain
960 2237 1067 2270 der-obi
1081 2237 1193 2270 »inille

567 2285 710 2329 tappetia
734 2286 800 2318 En.
818 2286 867 2313 -'-
880 2287 998 2319 Fuscus.
1015 2286 1075 2318 Illa
1090 2297 1191 2319 mere-

568 2334 685 2367 tricum
699 2346 748 2367 ars
766 2334 877 2367 studio
890 2334 1045 2379 peculiari
1062 2335 1172 2368 habita
1182 2359 1191 2374 ‚

567 2393 628 2415 nec
647 2384 770 2416 caeteris
798 2383 927 2416 feminis
944 2383 1052 2427 ignota
1063 2407 1073 2424 ‚
1090 2393 1191 2427 quam

566 2430 683 2475 gallico
695 2444 843 2465 sermone
853 2443 1006 2465 vocamus
1013 2455 1022 2472 ‚
1035 2433 1068 2463 la
1077 2441 1192 2477 coquet-

568 2482 649 2513 tere'e.
666 2481 729 2513 En.

618 2540 651 2572 7.
668 2529 784 2573 Soepius
799 2531 831 2561 ιἰι
848 2529 923 2561 libro
937 2537 1106 2562 numerur-
1117 2530 1192 2562 Pul-

566 2578 679 2611 mnni
693 2578 795 2611 codex
812 2586 844 2610 et
857 2576 1052 2610 Bcverlandi
1066 2578 1133 2610 MS.
1142 2597 1191 2604 —

565 2626 681 2670 Saepius
691 2628 721 2660 ἱη
732 2627 808 2659 libro
818 2652 827 2667 ,
844 2635 904 2661 etc.
922 2627 1022 2659 Plura
1035 2635 1109 2659 sunt
1120 2638 1191 2671 quo

565 2687 585 2708 a
610 2676 748 2708 memori
780 2676 900 2709 lectore
929 2676 1129 2709 retineantur
1155 2676 1189 2708 in

565 2724 658 2758 brevi
672 2724 774 2758 Persii
792 2726 961 2759 satirarum
973 2725 1078 2765 libro,
1091 2735 1189 2769 quam

1251 868 1285 900 in
1305 869 1405 912 longo
1422 875 1572 912 poemate
1587 866 1705 908 Marsi,
1723 878 1789 913 quo
1805 869 1876 901 bel-

1250 918 1321 950 lum
1338 916 1467 961 scripsit
1479 926 1591 953 comm
1605 919 1794 950 Amazonas.
1812 919 1875 950 Eo.

1250 984 1299 992 —-
1316 967 1445 999 Persius.
1461 967 1658 1001 Notissimus
1684 975 1780 1011 poeta
1800 967 1877 999 sati-

1249 1016 1355 1055 ricus,
1373 1024 1405 1048 et
1430 1028 1449 1050 a
1469 1018 1636 1050 nonnullis
1657 1016 1783 1059 primus
1803 1027 1876 1048 om-

1250 1064 1345 1097 nium
1367 1064 1573 1098 satiricorum
1590 1064 1774 1110 judicatus,
1799 1064 1873 1108 qui,

1252 1113 1384 1146 Nerone
1394 1114 1577 1158 imperante
1587 1139 1596 1155 ‚
1612 1126 1669 1147 sex
1680 1113 1792 1146 satiras
1806 1114 1877 1146 uui-

1249 1173 1288 1194 co
1310 1162 1420 1195 libello
1445 1162 1714 1207 comprehendit,
1742 1161 1785 1195 de
1808 1174 1875 1206 quo

1250 1211 1473 1250 Quintilianus
1483 1236 1492 1252 ,
1501 1212 1559 1245 lib.
1571 1213 1603 1245 X
1612 1236 1621 1252 ‚
1633 1224 1703 1255 cap.
1717 1222 1776 1244 12-
1789 1211 1876 1243 Mul-

1249 1266 1339 1300 tum·,
1358 1269 1390 1293 et
1408 1271 1493 1293 verse
1509 1262 1621 1304 gloriae
1641 1260 1792 1305 quamvis
1808 1271 1875 1292 uno

1248 1309 1334 1341 libro
1350 1309 1479 1342 Persius
1495 1310 1627 1343 meruit.
1649 1326 1663 1339 ι

1299 1359 1331 1391 8.
1351 1357 1441 1391 Sicut
1460 1356 1527 1390 duo
1544 1359 1636 1391 fuere
1651 1356 1774 1397 Codri,
1790 1369 1875 1390 unus

1248 1414 1343 1450 poeta
1359 1407 1486 1439 celeber
1507 1419 1524 1439 a
1545 1407 1684 1451 virgilio
1704 1405 1850 1439 laudatus
1865 1430 1875 1446 ‚

1248 1455 1328 1488 alter
1344 1468 1363 1488 a
1375 1456 1396 1488 J
1399 1457 1533 1489 uvenale
1548 1457 1716 1501 explosus;
1731 1455 1777 1488 ita
1789 1466 1874 1498 quo-

1248 1515 1312 1548 que
1324 1503 1407 1538 duos
1419 1504 1613 1538 crediderim
1623 1504 1722 1537 fuisse
1734 1504 1874 1545 Marsos,

1248 1564 1335 1586 unus
1351 1553 1391 1586 ab
1408 1553 1529 1586 ovidio
1548 1566 1622 1587 cum
1639 1553 1772 1586 Rabirio
1788 1564 1875 1585 com-

1247 1610 1401 1645 paratus,
1426 1603 1508 1635 alter
1522 1603 1577 1636 hic
1595 1615 1613 1636 a
1635 1602 1786 1635 Martiale
1805 1602 1875 1633 levis

1249 1649 1367 1685 dictus.
1377 1652 1460 1683 Nam
1472 1651 1561 1695 quod
1575 1651 1719 1694 Scaliger
1729 1651 1765 1682 in
1776 1649 1873 1683 codd.

1251 1700 1365 1731 Codrus
1374 1700 1506 1743 legerit,
1521 1701 1574 1732 vix
1591 1698 1737 1732 adducor
1754 1698 1874 1732 habere

1247 1747 1367 1787 fidem,
1382 1760 1484 1792 quum
1497 1757 1566 1793 opt.
1583 1749 1712 1781 Thuan.
1729 1748 1872 1781 Floreut.
1926 1751 1931 1754 '

1248 1797 1391 1841 aliosque
1417 1798 1654 1841 pervolverim,
1678 1797 1735 1841 qui
1762 1797 1873 1829 cuncti

1247 1846 1371 1879 habent
1397 1846 1527 1879 Marsus.
1556 1846 1696 1890 Scaliger
1722 1845 1874 1889 intelligit
1930 1849 1937 1871 ‘-

1247 1906 1322 1927 eum
1341 1893 1488 1928 Codrum
1500 1919 1509 1935 ,
1528 1894 1570 1928 de
1588 1907 1654 1939 quo
1674 1895 1707 1926 in
1723 1895 1873 1927 Juvenal.

1247 1951 1305 1977 sat.
1322 1944 1351 1975 1.
1367 1944 1494 1977 Vereor
1516 1952 1623 1977 tamen
1640 1955 1682 1976 ne
1700 1944 1809 1987 ipsum
1825 1943 1872 1976 fo-

1247 1993 1365 2024 sellerit
1381 1991 1565 2037 corrigendi
1579 1993 1680 2025 labor.
1696 1993 1871 2024 Beverland.

1246 2042 1388 2075 —Len's
1403 2044 1434 2074 in
1451 2048 1522 2074 toea.
1539 2042 1646 2075 Pauca
1657 2049 1793 2085 possunt
1806 2053 1873 2074 esse

1247 2090 1282 2122 in
1316 2091 1429 2123 multis
1458 2091 1701 2130 voluminibm;
1732 2099 1765 2123 et
1795 2098 1872 2123 sunt

1248 2144 1394 2172 auctores
1409 2151 1553 2184 quorum
1567 2150 1679 2172 versus
1695 2139 1796 2183 magis
1814 2151 1873 2171 nu·

1248 2187 1394 2222 merendi
1400 2199 1437 2221 su
1441 2196 1476 2221 nt
1481 2199 1578 2232 quam
1584 2187 1799 2232 ponderandi.
1808 2188 1859 2219 Ευ

1247 2252 1296 2259 -·
1311 2237 1441 2270 Marsus.
1460 2237 1534 2270 Non
1550 2237 1698 2270 existimo
1710 2248 1784 2269 cnm
1797 2237 1871 2269 Cal-

1246 2285 1363 2319 derino
1373 2286 1461 2320 hunc
1472 2298 1539 2319 esse
1549 2286 1692 2319 Manum
1704 2310 1714 2325 ‚
1726 2286 1870 2318 nobilem

1246 2335 1636 2379 epigrammatogrsphum
1652 2359 1661 2374 ‚
1686 2335 1778 2378 cujus
1801 2346 1871 2366 me-

1246 2384 1342 2416 minit
1371 2384 1404 2416 in
1437 2384 1531 2428 epist.
1557 2384 1615 2416 lib.
1640 2384 1679 2420 1;
1704 2383 1761 2415 lib.
1782 2384 1849 2415 vn
1862 2408 1871 2423 ‚

1246 2431 1346 2476 epigr.
1376 2444 1472 2473 xxxx,
1497 2444 1544 2465 vs.
1570 2435 1590 2467 8
1604 2444 1614 2473 ;
1639 2444 1735 2476 quem
1766 2440 1871 2476 aequat

1215 2479 1219 2483 ’
1246 2492 1321 2514 cum
1333 2482 1464 2514 Catullo
1474 2505 1483 2520 ‚
1492 2482 1549 2514 lib.
1562 2482 1629 2514 vu
1639 2506 1648 2522 ,
1660 2481 1760 2525 epigr.
1774 2492 1848 2513 xcrx
1860 2505 1868 2520 ‚

1245 2542 1293 2563 vs.
1306 2542 1325 2573 7
1339 2542 1349 2569 ς
1365 2538 1397 2563 et
1409 2531 1479 2570 cui,
1493 2531 1519 2563 si
1531 2531 1706 2563 Flaccusin
1721 2542 1755 2561 se
1768 2530 1869 2561 fuerit

1244 2578 1406 2622 benignus
1419 2603 1429 2619 ,
1458 2587 1563 2623 sperat
1588 2590 1621 2611 se
1642 2578 1780 2611 similem
1800 2578 1869 2610 fore

1244 2627 1302 2659 lib.
1319 2628 1401 2659 VIII
1417 2652 1426 2667 ,
1442 2628 1544 2672 epigr.
1564 2638 1619 2660 ινῐ
1631 2650 1641 2665 ,
1655 2639 1703 2659 vs.
1723 2631 1765 2665 ²4
1783 2637 1791 2658 :
1811 2626 1867 2659 sed

1244 2676 1342 2708 alium
1359 2675 1531 2720 quemdam
1543 2676 1684 2708 arbitror
1698 2675 1870 2707 heroicum

1243 2733 1372 2768 poetam
1388 2748 1398 2765 ,
1423 2736 1523 2768 quem
1557 2723 1633 2757 ideo
1663 2725 1751 2756 lesem
1775 2724 1870 2768 quasi

1587 2783 1673 2834 26⁴
