2447 3518
620 2019 634 2035 ⁶
643 2022 814 2055 Fabullum
823 2021 921 2054 nimis
930 2021 1110 2065 elegantem
1119 2032 1195 2054 con-

572 2073 751 2105 vivatorem
762 2070 866 2114 carpit
873 2094 883 2109 ‚
891 2070 1016 2114 optimo
1026 2078 1194 2113 unguento

573 2121 728 2154 convivas
756 2125 950 2163 ungentem,
974 2127 1007 2151 et
1031 2119 1196 2152 famelicos

573 2170 791 2203 dimittentem
803 2180 811 2200 :
825 2168 994 2200 hominem
1007 2167 1124 2200 stolide
1138 2179 1194 2200 va-

566 2229 672 2256 ·num,
692 2217 748 2262 qui
767 2229 867 2261 quum
887 2217 996 2248 lautus
1015 2215 1119 2248 videri
1138 2228 1195 2248 ve·

571 2269 612 2301 lit
625 2291 635 2308 ,
657 2267 691 2299 in
721 2267 818 2299 rebus
847 2266 980 2298 minime
1007 2265 1193 2298 necessariis

570 2323 740 2360 sumptum
762 2315 874 2354 facian
901 2315 936 2347 in
961 2314 1031 2346 aliia
1059 2321 1165 2346 autem
1181 2338 1191 2353 ,

570 2376 645 2409 quae
671 2372 837 2407 sumptum
860 2363 1039 2396 necessario
1064 2362 1190 2394 deside-

570 2421 657 2451 rant,
672 2412 784 2445 sordes
798 2424 869 2445 suas
889 2412 1037 2455 explicet.
1053 2412 1117 2443 En.

622 2474 653 2493 α.
680 2461 826 2493 Com-ivis.
854 2462 882 2492 Α
904 2461 1028 2493 balneis
1056 2468 1088 2492 et
1115 2467 1189 2492 ante

568 2521 692 2543 coenam
707 2510 804 2553 prisci
819 2510 1071 2552 inungebantur,
1082 2508 1186 2541 admi-

568 2559 624 2591 stis
642 2558 744 2590 succis
759 2557 912 2590 odoratis.
924 2559 1065 2590 -Ηει-ο.
1084 2557 1162 2589 Heri
1176 2569 1185 2596 ;

565 2616 602 2640 ut
619 2608 676 2639 lib.
693 2608 727 2646 1,
745 2606 935 2650 epigramm.
955 2618 1042 2639 κων.
1059 2627 1105 2631 -
1121 2606 1186 2637 Sci-

565 2657 644 2688 dant.
653 2655 800 2688 Verbum
812 2662 859 2688 est
873 2655 1098 2688 conviviorum
1114 2666 1188 2698 pro—

1248 2023 1357 2065 prium
1377 2035 1385 2054 :
1407 2023 1464 2066 qui
1485 2034 1563 2056 vero
1583 2023 1668 2056 nihil
1687 2024 1883 2069 scindebat,

1247 2072 1331 2104 nihil
1346 2072 1492 2105 convivis
1508 2072 1750 2106 comedendum
1766 2075 1882 2109 distri·

1248 2120 1383 2152 buebat.
1401 2120 1479 2153 Vid.
1507 2121 1593 2154 infra
1620 2122 1722 2166 epigr.
1750 2136 1819 2156 :nn
1846 2133 1881 2158 et

1248 2180 1352 2209 xc111;
1368 2176 1401 2200 et
1411 2169 1470 2202 lib.
1487 2171 1524 2210 Ι,
1538 2171 1641 2214 epigr.
1661 2182 1708 2204 u.

1299 2217 1331 2249 3.
1355 2218 1413 2249 Res
1427 2219 1513 2258 fizlsa
1533 2226 1577 2251 est
1599 2218 1702 2252 codex
1720 2220 1879 2256 Bodleia-

1246 2277 1320 2298 nus.
1340 2286 1389 2292 —
1406 2266 1464 2298 Res
1485 2268 1576 2300 salsa.
1597 2269 1745 2309 1ronice;
1764 2270 1801 2301 id
1828 2279 1879 2303 est

1245 2313 1383 2347 ridicula
1395 2322 1427 2347 et
1444 2316 1565 2360 inepta.
1573 2316 1653 2350 Vid.
1671 2318 1730 2351 lib.
1748 2319 1785 2358 Ι,
1803 2321 1876 2364 epi-

1247 2374 1385 2406 gramm.
1403 2376 1454 2397 Lx.

1296 2411 1325 2444 5.
1348 2412 1410 2444 Hic
1428 2426 1500 2445 vem
1516 2414 1586 2445 ηιὶΙιὶ
1603 2414 1762 2454 sumina,
1780 2427 1872 2448 anno

1248 2460 1334 2493 151²
1345 2484 1355 2501 ‚
1374 2469 1408 2492 et
1423 2462 1607 2494 Colinaeann
1620 2486 1629 2502 ,
1654 2475 1740 2495 anno
1769 2465 1874 2498 1528.

1242 2526 1292 2534 -·
1311 2510 1388 2541 Vere
1410 2511 1482 2542 mihi
1508 2519 1647 2543 mortuus.
1672 2513 1768 2544 Enim
1793 2525 1877 2546 vero

1240 2569 1307 2590 non
1324 2559 1427 2591 solum
1444 2560 1649 2602 ungebantur
1665 2561 1806 2600 mortui,
1816 2562 1875 2595 sed

1242 2606 1394 2639 iis-etiam
1412 2609 1639 2651 apponebatur
1657 2621 1748 2640 coena
1767 2610 1872 2643 inuti-

1241 2655 1298 2695 lis,
1318 2656 1524 2689 Silicernium
1545 2657 1647 2697 diem
1669 2658 1737 2689 haec
1756 2668 1874 2701 poste-’i
