2447 3518
567 1942 648 1969 :tam
680 1937 780 1969 fnisse
799 1919 1008 1981 jocabundus
1030 1935 1130 1976 dieii,
1159 1943 1196 1969 ut

566 1983 621 2016 vix
639 1995 815 2027 paucarum
834 1984 995 2016 olivarum
1014 1995 1128 2026 capax.
1154 2001 1159 2010 ·

620 2037 674 2071 ¹4.
706 2031 790 2063 Edd.
822 2040 899 2065 vett.
922 2032 1019 2075 polita
1042 2044 1140 2070 caeno,
1161 2040 1193 2065 et

567 2081 612 2113 nic
631 2081 665 2112 in
679 2081 794 2113 codice
810 2082 914 2114 Palat.
928 2081 1088 2123 probante
1104 2081 1192 2113 Gru-

567 2138 656 2168 tero;
670 2130 787 2172 polluta
806 2143 886 2161 coeno
909 2129 1101 2166 Beverlandi
1121 2130 1191 2162 MS.

567 2197 615 2204 -—
636 2179 744 2211 Crasso
768 2179 852 2211 coelo.
879 2180 995 2210 Rotam
1017 2178 1109 2221 figuli
1136 2179 1192 2210 Sa-

565 2227 694 2271 guntini
707 2227 831 2260 ironice
844 2236 938 2259 vocat
952 2227 1054 2259 castum
1071 2227 1191 2264 (burin)

567 2277 607 2308 ab
645 2275 798 2320 operibus
836 2277 1003 2308 nobilibus
1045 2275 1086 2308 ad
1116 2276 1191 2308 viiia

566 2326 721 2357 translato
728 2326 870 2357 nomine.
879 2324 957 2357 vid.
967 2325 1069 2368 epigr.
1076 2337 1172 2357 xxxix
1181 2349 1191 2364 ,

568 2386 615 2406 vs.
636 2378 675 2413 4,
694 2385 801 2416 supra.

620 2424 672 2455 15.
693 2423 883 2465 Seprennaria
903 2423 936 2454 in
955 2422 1028 2454 edd.
1049 2430 1126 2455 vett.
1142 2442 1191 2448 -—

568 2472 740 2515 Septenaria
761 2472 912 2516 synthesis.
942 2471 1108 2515 Synthesis
1128 2483 1191 2503 vox

513 2562 520 2568 „
566 2529 613 2554 est
629 2532 729 2565 graeca
748 2518 842 2560 (σὺν,
857 2532 919 2552 cum
931 2533 943 2558 ,·
958 2521 1076 2563 τίθημι,
1094 2520 1191 2562 ροηο)

565 2582 637 2613 quae
660 2569 874 2613 plurimarum
896 2565 1005 2600 rerunt
1026 2568 1191 2601 collectio-

564 2630 639 2651 nem
658 2617 990 2661 compositionemque
1008 2617 1165 2661 significat
1179 2642 1188 2658 ,

565 2666 621 2700 sed
646 2668 808 2711 praecipue
832 2667 970 2699 vestium
989 2680 997 2705 ;
1017 2665 1106 2698 uude
1130 2678 1189 2710 per

1815 1907 1835 1920 11

1247 1947 1333 1967 rum.
1358 1957 1409 1961 —
1433 1937 1574 1979 Sagsmi.
1602 1937 1789 1981 Saga-ntus..
1813 1942 1879 1974 nive

1247 1983 1453 2029 Saguntum,
1471 1996 1559 2016 nunc
1583 1985 1760 2025 Mon-edre,
1782 1990 1877 2032 oppi-

1246 2029 1326 2063 dum
1358 2032 1435 2063 olim
1472 2033 1685 2067 clarissimum
1717 2036 1877 2070 ‘lm-aco·

1246 2081 1355 2112 nensis
1371 2081 1533 2125 Hispaniae
1546 2104 1556 2120 ‚
1575 2082 1662 2115 unde
1680 2084 1795 2119 fictilia
1814 2088 1876 2118 Ro-

1245 2140 1330 2161 mam
1345 2129 1598 2163 advehebantur.

1299 2182 1353 2210 16.
1381 2180 1512 2210 Laecam.
1535 2179 1584 2212 Ex
1609 2181 1667 2212 vili
1687 2183 1801 2225 argilla
1828 2185 1874 2216 sa-

1248 2234 1349 2259 ctum.
1364 2228 1436 2259 Lib.
1458 2228 1539 2259 VIII
1551 2251 1561 2267 ,
1578 2230 1681 2272 epigr.
1699 2243 1734 2262 vx
1746 2255 1758 2271 ,
1772 2244 1817 2264 vs.
1836 2244 1873 2265 2:

1251 2291 1264 2303 ι
1283 2276 1371 2308 Ficta
1405 2276 1585 2319 Saguntino
1624 2280 1757 2320 cymbia
1791 2282 1874 2312 malo

1245 2324 1326 2356 luto.
1335 2326 1561 2357 a—Toreuma.
1572 2327 1710 2369 Proprie
1727 2337 1778 2361 est
1791 2342 1872 2373 opus

1245 2381 1344 2405 torno
1374 2374 1495 2405 factum
1509 2398 1519 2413 ,
1551 2383 1606 2407 aut
1636 2377 1801 2420 sculptum
1818 2403 1828 2419 ,
1856 2391 1872 2411 a

1243 2424 1353 2464 τορεύω
1365 2445 1374 2461 ,
1390 2430 1474 2453 torno
1485 2448 1494 2461 ,
1515 2424 1632 2466 sculpo;
1650 2433 1686 2456 ut
1702 2438 1804 2470 supra
1819 2440 1871 2460 ro-

1247 2477 1311 2503 tam
1333 2471 1508 2515 Hispanam
1533 2473 1660 2505 vocavit
1677 2476 1805 2513 coelum,
1829 2478 1872 2509 sie

1247 2531 1320 2552 vasa
1340 2520 1401 2551 hac
1420 2528 1492 2552 rota
1510 2523 1657 2563 eonsecta
1679 2531 1812 2557 toreuma
1827 2527 1871 2557 lu·

1247 2576 1321 2599 reum
1344 2568 1487 2601 irrisorie
1505 2579 1620 2610 vocat;
1636 2583 1740 2614 quum
1762 2573 1797 2606 id
1814 2587 1871 2606 no-

1245 2629 1320 2649 men
1348 2617 1465 2650 caelatis
1487 2619 1557 2650 auri
1579 2622 1773 2665 argentique
1793 2625 1872 2655 vasis

1244 2666 1416 2700 tribuatur.
1431 2666 1509 2700 vid.
1522 2668 1580 2700 lib.
1593 2669 1662 2709 111,
1680 2671 1871 2714 epigramm.
