2447 3518
667 444 1209 488 EPIGRAMMATUM
1241 445 1358 488 LIB.
1393 445 1474 487 lv.

1635 446 1721 496 [121

561 526 686 580 Audi,
707 542 830 585 quem
851 542 1045 586 puerum,
1065 527 1208 570 Flacce
1220 560 1233 581 ,
1250 541 1395 586 rogare
1416 524 1549 568 velim.

496 590 660 634 Niliacis
686 594 863 649 primum
886 607 989 650 puer
1010 594 1043 635 is
1069 601 1260 635 nascatur
1281 593 1323 634 in
1347 592 1428 634 oris
1448 606 1458 632 :

561 656 770 715 Nequitias
797 656 914 700 tellus
942 658 1017 700 scit
1030 658 1137 700 ‘dare
1158 656 1270 700 nulla
1291 658 1431 715 magis.

499 721 560 763 Sit
586 722 678 764 nive
701 721 909 764 candidior
934 738 943 764 :
965 738 1141 782 namque
1161 723 1203 765 in
1221 721 1447 764 Mareotide
1470 720 1582 763 fusca
1721 740 1735 763 ⁵

559 785 773 829 Pulchrior
795 796 878 840 est,
897 796 1050 845 quanto
1075 788 1302 832 mrim-,iste
1324 786 1448 829 color.

497 852 672 893 Lumina
693 851 891 894 sideribus
912 861 1093 907 certent,
1110 851 1333 910 mollesque
1354 850 1556 909 flagellent

564 915 679 958 Colla
702 932 829 960 comae
849 933 858 958 :
881 926 1010 960 tortas
1030 934 1114 960 non
1133 933 1248 969 amo,
1271 916 1435 967 Flacce,
1453 930 1606 960 comas.

498 982 626 1023 Frons
646 981 801 1034 brevis,
821 990 942 1040 atque
967 982 1113 1025 modus
1136 983 1314 1025 breviter
1338 982 1390 1024 sit
1412 980 1576 1023 naribus
1598 980 1734 1033 unci53

435 1119 534 1151 quam
550 1107 604 1140 ille
624 1108 732 1140 omnia
749 1108 896 1144 abstulit.
920 1109 984 1141 alia
1006 1121 1059 1142 ro-

434 1155 542 1201 gando
552 1180 563 1194 ,
579 1156 640 1189 alia
653 1156 818 1201 poscendo
829 1181 839 1198 ,
853 1157 913 1189 alia
930 1169 1060 1190 sumen-

435 1205 492 1239 do.
510 1221 525 1235 ι
553 1205 632 1238 vid.
656 1206 713 1238 lib.
734 1206 841 1246 vm,
864 1207 965 1250 epigr.
988 1217 1060 1247 ur,

436 1266 483 1286 vs.
502 1255 520 1287 ⁵
532 1277 541 1291 ‚
559 1255 595 1286 in
611 1265 677 1301 quo
689 1254 778 1286 Rufo
787 1254 973 1288 commodat
981 1266 1060 1300 pue-

437 1314 512 1335 rum
525 1302 682 1335 Martialis
691 1326 702 1343 ,
712 1309 744 1335 et
755 1303 812 1335 lib.
828 1303 844 1335 1
856 1327 866 1344 ‚
879 1304 979 1348 epigr.
993 1315 1061 1343 ux,

437 1351 496 1384 ubi
508 1352 656 1395 queritur
666 1351 823 1384 Martialis
838 1363 871 1384 se
885 1364 953 1385 non
967 1364 1061 1397 posse

438 1401 598 1434 cariorem
616 1411 724 1433 emere
740 1411 891 1444 puerum.

489 1462 521 1482 a.
537 1450 580 1481 Et
595 1448 650 1482 bic
669 1449 766 1482 etiam
781 1449 934 1482 nonnulli
948 1449 1063 1494 legunt

439 1498 535 1530 locare
561 1509 623 1542 pro
650 1510 767 1540 mgane.
798 1496 873 1530 Ald.
903 1499 923 1530 J
926 1506 993 1530 unt.
1029 1506 1063 1530 et

441 1547 548 1579 Colin.
580 1557 653 1592 quae
680 1558 774 1579 versu
803 1547 911 1590 primo
944 1548 1063 1590 roganti

441 1596 578 1635 habent,
590 1596 645 1628 hic
664 1596 760 1628 locat-e
775 1595 941 1629 exhibent.

492 1645 524 1677 3.
562 1644 688 1678 Niliacis
721 1646 848 1688 primum
869 1669 879 1683 ,
923 1652 985 1679 etc.
1024 1643 1065 1676 In

441 1694 596 1738 (Ἑωίο-

493 1745 525 1781 4.
538 1742 706 1787 Nequitiam
718 1742 754 1775 in
764 1740 838 1775 edd.
852 1749 933 1775 vett.
943 1760 993 1768 —
1002 1741 1065 1773 Ne·

441 1793 549 1835 quietas
565 1791 650 1823 tellus
660 1816 670 1830 ,
688 1797 751 1823 ete.
767 1790 946 1824 Lasciviam
962 1797 995 1823 et
1007 1790 1066 1822 im·

442 1840 638 1883 probitatem
671 1851 851 1872 veneream.
879 1838 1044 1871 Juvenalis
1054 1861 1065 1878 ,

442 1895 503 1921 sat.
523 1889 600 1929 XV,
617 1887 672 1926 45.
689 1886 776 1921 Vide
792 1889 853 1921 lib.
874 1889 946 1928 111,
964 1887 1064 1931 epigr.

444 1947 534 1978 un,
551 1949 598 1969 vs.
616 1939 657 1978 53
674 1936 772 1969 ovid.
785 1937 842 1970 lib.
856 1938 874 1969 1
893 1936 1067 1975 Tristium,

444 1986 543 2029 elegia
563 1998 580 2017 ²
597 1997 605 2019 :
625 2002 639 2016 ι
653 1987 727 2018 Nou
752 1993 790 2018 ut
809 1984 984 2018 Alexandri
1002 1985 1068 2017 cla-

444 2046 516 2066 ram
528 2034 652 2068 delatus
673 2034 708 2066 iu
725 2036 842 2067 urbem
865 2034 1005 2066 Delicias
1022 2032 1069 2065 vi-

445 2082 538 2116 deam
549 2107 558 2123 ,
578 2083 653 2115 Nile
662 2084 785 2126 jocose,
802 2091 905 2115 mas.-
923 2083 1069 2115 Consen-

447 2133 537 2164 tiunt
550 2133 638 2164 enim
658 2132 830 2164 innumera
844 2133 1004 2167 ,Veterum
1020 2138 1070 2163 te-

446 2181 617 2221 stimonia,
633 2181 751 2225 quibus
767 2188 890 2214 constet
903 2179 1071 2224 AEgyptios

448 2230 546 2262 fuisse
562 2229 690 2262 deditos
705 2229 882 2273 nequitiis3
899 2228 1072 2261 deducitur

450 2286 556 2311 nutem
572 2279 627 2312 illa
645 2290 708 2310 vox
730 2280 866 2323 nequitioe
887 2290 905 2310 a
925 2289 1006 2310 voce
1021 2290 1073 2309 ne-

450 2339 552 2371 quam,
575 2339 647 2372 qum
666 2328 735 2371 ipsa
758 2338 817 2371 per
835 2338 1002 2372 syncopen
1021 2325 1076 2359 de-

451 2376 583 2409 ducitur
598 2389 616 2409 a
630 2388 667 2408 ne
680 2375 836 2420 quidquam
851 2400 861 2414 ,
877 2374 912 2408 id
923 2384 971 2409 est
982 2376 1075 2408 nilu'l:

452 2425 495 2458 ita
511 2433 548 2457 ut
563 2425 664 2457 homo
683 2436 824 2468 nequam
841 2423 1001 2468 significet
1018 2425 1077 2456 ho-

453 2485 507 2509 mo
521 2474 645 2522 nullius
657 2474 774 2518 pretii,
789 2473 904 2517 gallice
915 2485 954 2505 un
967 2474 1077 2505 'nomm

452 2523 489 2554 de
503 2525 587 2561 rien,-
603 2531 636 2555 et
648 2534 752 2568 quum
763 2522 943 2566 significare
955 2522 1078 2555 vellent

453 2573 590 2605 Veteres
601 2572 767 2604 hominem
778 2570 979 2603 luxuriosum
989 2594 1000 2611 ,
1015 2578 1076 2604 etc.

455 2619 607 2654 dicehant
624 2621 764 2653 hominem
781 2631 914 2664 nequam.

507 2669 540 2702 5.
559 2670 693 2715 Namque
709 2694 718 2709 ‚
747 2679 807 2703 etc.
827 2669 976 2713 Namque
995 2669 1079 2701 inter

1113 1109 1282 1154 AEgyptios
1300 1131 1311 1148 .
1339 1109 1396 1153 qui
1420 1119 1532 1141 omnes
1560 1108 1629 1140 sere
1654 1107 1738 1141 fusci

1113 1166 1188 1191 snut
1197 1182 1207 1198 ,
1234 1157 1351 1201 majori
1378 1157 1415 1190 in
1443 1157 1551 1201 pretio
1575 1162 1624 1188 est
1633 1179 1645 1197 ‚
1669 1167 1737 1199 quo

1113 1207 1186 1251 quis
1194 1206 1236 1239 sit
1247 1205 1427 1239 candidior.
1439 1205 1587 1237 —Poeta
1595 1229 1606 1246 ,
1616 1203 1717 1237 eredo
1727 1228 1738 1244 ,

1113 1255 1218 1288 voluit
1231 1256 1266 1288 in
1280 1257 1423 1299 AEgypto
1438 1254 1614 1299 plerosque
1629 1254 1737 1286 fuscos

1114 1315 1203 1344 esse,
1221 1311 1255 1337 at
1272 1304 1326 1337 cui
1343 1304 1436 1337 color
1457 1302 1636 1340 candidus,
1660 1314 1738 1334 eum

1114 1364 1181 1385 esse
1196 1353 1416 1397 purissimum.
1430 1352 1493 1385 En.
1510 1351 1590 1384 Vid.
1609 1351 1667 1384 lib.
1684 1351 1738 1391 X,

1113 1402 1217 1445 epigr.
1242 1413 1292 1434 κη
1305 1425 1317 1441 ,
1333 1413 1380 1434 vs.
1406 1401 1515 1434 ultim.
1539 1419 1590 1426 —-
1616 1400 1737 1432 Mareo-

1114 1451 1184 1483 tide.
1201 1451 1356 1482 Mareotis
1372 1451 1460 1483 lacus
1477 1456 1527 1482 est
1544 1449 1688 1493 AEgypti.

1166 1510 1199 1542 7.
1213 1500 1247 1532 F
1244 1500 1394 1542 lagellent.
1408 1498 1555 1531 Dimissae
1567 1506 1601 1530 et
1611 1496 1739 1529 diffusa

1116 1548 1218 1581 fluant
1229 1559 1289 1592 per
1304 1548 1387 1581 colla
1396 1572 1406 1589 ,
1420 1559 1491 1580 non
1508 1546 1650 1591 crobylis
1661 1569 1672 1586 ‚
1685 1557 1741 1578 an-

1116 1596 1221 1635 nulis,
1239 1603 1296 1628 aut
1307 1596 1400 1630 cirris
1412 1596 1641 1629 calamistrum.
1658 1592 1738 1627 Vid.

1116 1645 1174 1679 lib.
1185 1646 1203 1677 1
1215 1669 1226 1685 ,
1242 1645 1343 1689 epigr.
1354 1656 1452 1677 xxxn
1465 1668 1475 1685 ‚
1486 1655 1534 1677 vs.
1554 1646 1574 1676 6
1588 1656 1597 1677 :
1614 1660 1628 1673 ι
1641 1643 1743 1675 Dum·

1118 1704 1183 1739 que
1190 1693 1307 1726 decent
1318 1694 1396 1727 suso
1403 1693 1502 1726 lactea
1510 1693 1560 1725 col
1565 1693 1592 1724 la
1599 1692 1689 1735 juba
1698 1703 1708 1732 3
1721 1706 1736 1721 ι

1119 1740 1258 1776 etovid.
1266 1742 1323 1775 lib.
1336 1743 1386 1775 ΠΙ
1397 1765 1408 1783 ,
1419 1743 1489 1775 Art.
1507 1758 1521 1772 ι
1530 1741 1670 1774 Alterius
1681 1739 1744 1773 cri·

1119 1803 1177 1824 nes
1184 1791 1322 1824 humero
1329 1788 1743 1836 jactenturutroque‚Talis

1118 1852 1153 1873 es
1160 1847 1324 1884 assumpta
1335 1864 1345 1880 ‚
1354 1840 1475 1873 Phoebe
1485 1850 1604 1872 canore
1614 1863 1625 1879 ,
1634 1838 1715 1881 lyra.
1723 1853 1737 1866 ι

1169 1890 1202 1922 8.
1210 1889 1231 1921 J
1235 1889 1347 1921 untina
1361 1895 1472 1921 nostra
1479 1887 1617 1931 margini
1627 1886 1746 1920 adscri-

1119 1946 1212 1982 ptum
1225 1938 1323 1970 babet
1334 1946 1432 1970 curtas
1448 1949 1508 1981 pro
1526 1944 1618 1969 tortas
1628 1960 1638 1975 ,
1653 1933 1745 1979 quod

1120 1987 1322 2031 probabilius
1344 1995 1402 2021 est.
1422 1987 1500 2019 Hac
1522 1985 1680 2018 vocabula
1699 1984 1745 2016 fa-

1120 2036 1240 2068 cillime
1252 2043 1479 2078 permutantur
1490 2035 1525 2066 in
1539 2032 1745 2066 membranis.

1120 2082 1201 2116 Vid.
1219 2083 1353 2117 Sueton.
1367 2084 1403 2116 in
1416 2084 1528 2117 Tiber.
1543 2094 1615 2126 cap.
1635 2084 1678 2116 68
1690 2105 1700 2122 ,
1713 2088 1749 2114 et

1122 2133 1200 2165 Ner.
1217 2144 1289 2177 cap.
1311 2133 1367 2165 51.

1174 2193 1207 2224 9.
1229 2182 1325 2214 Frons
1342 2181 1433 2213 brevis
1446 2205 1456 2219 ‚
1479 2188 1541 2213 etc.
1569 2179 1672 2212 Frons
1699 2186 1749 2212 te-

1125 2230 1202 2262 nuis
1215 2230 1394 2263 Veteribus
1413 2230 1446 2262 in
1465 2228 1572 2262 laude.
1590 2228 1643 2261 sio
1661 2228 1750 2260 canit

1131 2278 1367 2319 Horatius‚od.
1379 2279 1413 2318 I,
1427 2278 1470 2311 33
1484 2302 1494 2318 ,
1507 2276 1549 2311 ad
1562 2277 1752 2309 Tibullum:

1132 2344 1146 2357 ι
1162 2328 1330 2372 Insignem
1352 2327 1444 2360 tenui
1463 2327 1571 2360 fronte
1590 2323 1752 2371 Lycorida

1129 2377 1210 2421 Cyri
1228 2377 1347 2409 Torret
1363 2387 1465 2409 amor.
1485 2392 1553 2405 ---
1563 2374 1673 2408 Modus
1687 2374 1753 2406 bn-

1128 2428 1227 2464 viter5
1238 2433 1299 2458 etc.
1313 2425 1361 2458 Sit
1369 2423 1486 2457 modus
1498 2424 1634 2456 naribus
1645 2423 1754 2458 brevi·

1130 2481 1179 2507 ter
1192 2499 1202 2515 ,
1221 2473 1255 2506 id
1271 2482 1339 2514 est,
1355 2472 1483 2506 modice
1498 2473 1601 2506 uncis.
1620 2472 1673 2505 Sic
1686 2472 1755 2505 fere

1130 2524 1304 2555 Petronius
1319 2523 1494 2566 loquitur:
1519 2537 1533 2552 ι
1556 2521 1658 2554 Nares
1679 2531 1756 2565 pau-

1130 2572 1234 2605 lulum
1260 2571 1398 2605 inflexu.
1412 2587 1426 2601 ι
1457 2572 1499 2604 Et
1521 2569 1682 2612 Sidonius,
1696 2568 1756 2602 lib.

1133 2622 1150 2653 1
1163 2644 1172 2660 ‚
1191 2620 1284 2664 epist.
1306 2633 1323 2653 2
1339 2644 1349 2660 ,
1368 2619 1410 2653 de
1430 2618 1642 2652 Theoderico
1658 2628 1732 2661 rege
1747 2629 1756 2650 :

1140 2685 1153 2699 e
1169 2669 1273 2704 Nasus
1286 2668 1509 2702 venustissime
1524 2668 1688 2700 incurvus.
1708 2682 1722 2695 ι

1489 2726 1569 2792 27⁴
