2447 3518
830 431 1373 475 EPIGRAMMATUM
1407 431 1521 471 LIB.
1558 431 1639 472 IV.

1773 429 1858 482 461

692 513 820 556 Duxit
845 522 886 555 et
910 521 1066 555 aestates
1090 511 1288 569 synthesis
1315 525 1396 552 una
1423 509 1577 553 decem.

629 577 763 621 Saltus
781 592 1125 635 aprum‚cnmpus
1142 576 1322 634 leporem
1340 575 1412 618 tibi
1436 576 1544 617 misit
1560 576 1804 634 inemptum3
1854 595 1869 617 ⁵

616 666 635 687 ο
693 642 814 701 Sylva
840 657 984 700 graves
1008 641 1150 685 turdos
1176 641 1376 699 exagitata
1398 639 1518 682 dedit.

628 709 785 766 Raptus
811 707 1003 750 flumineo
1027 708 1139 750 venit
1162 706 1213 749 de
1234 706 1394 764 gurgite
1416 706 1559 763 piscis3

694 774 800 815 Vina
827 772 976 814 rubens
1001 771 1105 815 fudit
1127 787 1209 814 non
1232 772 1447 830 peregrina
1468 770 1604 813 cadus.

629 839 716 881 Nec
738 847 852 880 tener
869 836 1055 895 Argolica
1078 837 1222 879 missus
1244 836 1295 878 de
1319 845 1437 893 gente
1457 836 1656 888 minister,

694 902 775 946 Sed
800 903 912 944 stetit
931 901 1070 945 inculti
1091 902 1240 944 rustica
1262 901 1380 943 turba
1407 900 1498 942 foci.

630 967 775 1010 Villica
799 967 863 1009 vel
890 967 982 1009 duri
1008 981 1239 1025 compressa
1258 975 1320 1009 est
1339 975 1468 1024 nupta
1488 964 1643 1018 coloni,

566 1096 703 1129 Romani
712 1096 887 1140 repositam
903 1096 1068 1129 habebant
1080 1104 1190 1139 togam

566 1157 663 1189 quam
688 1146 857 1178 sumebant
873 1145 1037 1178 rarissime
1053 1145 1193 1177 solenni-

566 1195 626 1227 bus
641 1194 674 1226 in
690 1194 799 1233 festis3
816 1205 917 1237 quum
928 1192 1075 1226 kalenda
1085 1201 1192 1226 nutem

565 1243 691 1275 Junoni
701 1266 712 1282 ‚
730 1242 803 1275 idus
815 1243 891 1275 Jovi
906 1254 1002 1275 sacrm
1015 1250 1120 1275 essent
1130 1266 1140 1281 ,
1155 1250 1192 1275 ut

567 1291 613 1324 nit
639 1291 803 1332 Ovidius,
828 1292 912 1324 Fast.
942 1291 980 1330 1,
1006 1307 1019 1321 ι
1037 1290 1194 1324 Vindicat

567 1340 727 1373 Ausonias
747 1340 887 1373 sunonis
911 1351 992 1373 curs
1017 1339 1192 1379 halendum

567 1388 682 1421 Idibus
694 1389 766 1422 alba
781 1389 857 1422 Jovi
875 1388 1032 1433 grandior
1044 1400 1124 1433 agna
1139 1389 1192 1422 ca‘·

567 1436 618 1471 dit
633 1450 673 1478 -3
699 1436 741 1470 sd
765 1449 854 1471 sacra
882 1436 1029 1481 quaedam
1062 1438 1192 1482 publica

567 1487 719 1531 populus·
736 1487 948 1519 conveniebat
974 1494 1101 1530 togatus
1125 1497 1134 1519 ε
1158 1487 1191 1519 in

568 1535 755 1579 municipiis
767 1544 876 1568 autem
890 1535 995 1568 rarior
1009 1543 1092 1579 togae
1104 1546 1191 1568 usus.

566 1585 686 1617 Juven.
710 1592 770 1617 sat.
795 1585 866 1625 ΠΙ,
882 1597 929 1617 vs.
959 1595 1022 1627 ¹7¹
1045 1596 1054 1617 ε
1083 1600 1096 1614 ι
1114 1584 1192 1617 Pars

568 1644 683 1677 magna
704 1633 826 1672 Italia,
849 1634 875 1665 si
902 1645 1017 1666 verum
1047 1632 1192 1666 admitti·

568 1693 660 1722 mus,
679 1682 714 1714 in
736 1693 800 1726 qna
825 1682 941 1715 Nemo
959 1690 1066 1725 togam
1094 1682 1193 1715 sumit

567 1730 631 1763 nisi
655 1739 813 1764 mortuus.
838 1747 852 1760 ι
875 1730 956 1763 Vid.
978 1739 1011 1764 et
1028 1731 1114 1763 Plin.
1135 1731 1191 1763 lib.

570 1780 636 1812 Vll
651 1802 662 1819 ‚
679 1780 773 1822 epist.
792 1780 824 1812 8.
842 1800 893 1806 —
911 1780 1057 1811 Excussa.
1079 1780 1192 1820 Quum

568 1827 755 1861 educuntur
785 1836 888 1861 vestes
915 1840 953 1861 ex
986 1828 1105 1862 arculis
1134 1828 1193 1861 ubi

568 1885 757 1917 servantur,
773 1878 878 1910 solent
895 1877 1003 1910 excuti
1026 1876 1066 1909 ad
1081 1878 1194 1921 pulve-

568 1938 637 1958 rem
670 1925 905 1970 purgandum3
931 1934 963 1958 et
997 1938 1063 1970 quo
1089 1927 1193 1959 rarius

569 1974 767 2008 educebatur
781 1976 856 2007 Lini
876 1983 948 2018 toga
961 1998 971 2014 ‚
989 1976 1194 2018 eopulverea

568 2024 681 2068 magis.
698 2025 762 2056 En.

620 2077 654 2112 4.
681 2073 842 2116 Synthesis.
871 2072 979 2105 Vestis
1004 2073 1192 2113 coenatoris,

570 2121 612 2154 de
635 2133 699 2166 qun
718 2123 784 2166 jam
813 2122 914 2154 multa
942 2122 1077 2154 mentio.
1108 2121 1193 2155 Vide

570 2183 667 2215 supra
689 2171 792 2215 epigr.
812 2182 910 2210 xxxx,
931 2183 977 2204 vs.
1005 2171 1060 2204 15.
1081 2170 1191 2210 Quum

570 2220 748 2264 synthesim
773 2231 839 2252 non
860 2227 999 2252 mutaret
1018 2220 1137 2261 Linus,
1157 2229 1192 2254 ut

570 2268 699 2308 Zoilus,
719 2269 775 2301 lib.
800 2270 842 2308 V,
869 2269 970 2312 epigr.
993 2280 1110 2307 unx,
1132 2281 1193 2303 nec

570 2316 718 2361 quotidie
728 2316 814 2361 apud
832 2318 950 2350 amicos
959 2326 1099 2350 coensret
1110 2341 1120 2356 ‚
1134 2318 1191 2352 diu

571 2365 684 2399 eadem
702 2367 846 2410 synthesi
864 2367 1028 2408 utebatur.
1043 2367 1106 2399 En.

622 2415 656 2450 5,
666 2415 766 2449 Saltus
777 2427 890 2459 aprum.
903 2415 975 2448 Hoc
987 2423 1047 2453 eat,
1057 2416 1193 2456 venaris,

570 2464 704 2508 piscaris
718 2489 728 2504 ,
751 2472 783 2497 et
810 2463 989 2496 vindemias
1013 2464 1137 2507 colligis
1158 2465 1192 2497 in

572 2513 639 2546 tuis
661 2512 820 2557 praediis;
849 2512 925 2545 inde
956 2513 1104 2556 pecunia
1131 2521 1195 2546 tua

570 2573 725 2606 parcens,
744 2573 847 2606 quum
862 2561 1024 2594 esculenta
1042 2569 1074 2594 et
1090 2573 1195 2606 pocu-

571 2611 658 2643 lenta
674 2611 784 2643 omnia
800 2611 916 2643 habeas
930 2618 986 2643 tua
997 2635 1006 2649 ‚
1023 2611 1113 2643 nullo
1125 2623 1199 2654 pre-

572 2660 620 2692 tio
628 2668 823 2703 comparata.
830 2679 878 2686 —
891 2660 1059 2703 Inemptum.
1070 2660 1197 2692 Labore

1247 1094 1429 1127 venationis
1440 1102 1577 1133 tontum,
1590 1106 1658 1127 non
1668 1095 1775 1139 pretio
1788 1107 1873 1139 (ψω-

1247 1143 1356 1176 situm.
1381 1160 1394 1173 ι
1412 1144 1558 1188 Dupibus
1573 1155 1697 1177 mensas
1714 1146 1871 1178 onerabat

1247 1192 1400 1236 inemptis
1418 1209 1446 1230 -,
1466 1194 1558 1236 Virg.
1575 1193 1696 1236 Georg.
1715 1194 1774 1225 lv.

1297 1244 1330 1274 6.
1343 1241 1445 1286 Sylva.
1467 1241 1530 1274 Hic
1553 1243 1658 1274 notari
1683 1249 1791 1286 potest
1813 1255 1872 1274 vo·

1247 1302 1322 1323 cum
1333 1291 1417 1332 sylva
1434 1298 1467 1323 et
1484 1291 1577 1322 saltus
1593 1290 1768 1323 discrimen
1783 1292 1872 1324 :No-

1247 1347 1315 1372 stro
1322 1339 1378 1372 hic
1390 1340 1547 1378 ferarum,
1557 1339 1611 1372 illa
1625 1340 1807 1373 volucrium
1824 1349 1872 1373 est

1247 1387 1375 1420 dumus.
1389 1389 1453 1420 En.
1465 1408 1515 1414 —
1529 1388 1653 1422 Graves.
1662 1389 1812 1432 Pingues.
1822 1410 1871 1416 —

1248 1438 1427 1480 Exagieaea.
1444 1437 1511 1469 Tui
1528 1438 1675 1470 venantis
1692 1437 1872 1481 indagatio·

1247 1497 1305 1526 ne,
1324 1493 1356 1518 et
1371 1497 1489 1519 canum
1506 1486 1714 1519 clamoribus.
1735 1487 1798 1520 En.

1295 1535 1327 1567 8.
1346 1535 1472 1568 nubens.
1497 1536 1541 1567 Et
1565 1546 1583 1567 n
1605 1535 1674 1568 vini
1692 1536 1822 1575 colore,
1838 1545 1872 1569 et

1248 1595 1265 1616 s
1287 1583 1396 1616 colore
1417 1592 1506 1616 testae
1529 1584 1604 1628 igne
1630 1592 1748 1625 ooctoe3
1765 1597 1803 1617 ex
1820 1597 1872 1617 ar·

1247 1632 1322 1676 gilla
1342 1633 1429 1665 enim
1448 1633 1570 1666 flebant
1592 1633 1691 1676 vulgo
1707 1632 1807 1667 dolia.
1823 1654 1871 1661 --

1247 1682 1319 1714 Non
1343 1685 1509 1725 Joeregrina.
1535 1682 1685 1725 Inempta
1718 1694 1849 1727 quoque
1861 1708 1871 1723 ,

1247 1738 1321 1763 nuta
1341 1731 1375 1763 in
1392 1731 1497 1763 vineis
1514 1731 1588 1763 tuis.
1605 1731 1668 1763 En.

1297 1791 1329 1823 9.
1354 1780 1419 1812 Nec
1446 1787 1523 1811 tenet
1540 1779 1593 1812 ed.
1617 1774 1755 1813 Juniina
1783 1793 1871 1813 anno

1252 1840 1266 1861 ι
1276 1828 1293 1862 5
1302 1840 1314 1860 ι
1324 1840 1355 1862 2.
1367 1845 1415 1854 *—
1429 1829 1493 1861 Nec
1505 1836 1583 1860 tener
1597 1829 1752 1872 Argolica.
1766 1830 1871 1862 Graeci

1247 1878 1340 1921 pueri
1373 1876 1503 1910 delicati
1530 1877 1657 1921 ingenti
1686 1878 1793 1922 pretio
1819 1890 1873 1910 ve-

1246 1925 1498 1966 nundabantur,
1518 1927 1552 1958 in
1568 1938 1635 1970 quo
1654 1927 1802 1971 plerique
1821 1928 1872 1959 in-

1248 1976 1414 2008 uniebaut
1429 1999 1438 2014 ‚
1472 1976 1516 2008 its
1543 1984 1579 2008 ut
1604 1974 1810 2008 effunderent
1838 1977 1871 2009 iu

1247 2036 1424 2068 puerorum
1461 2024 1565 2068 pretia
1602 2024 1748 2068 ingentes
1782 2037 1871 2069 opes.

1248 2072 1301 2106 Sic
1313 2073 1370 2106 lib.
1387 2075 1402 2106 1
1413 2097 1423 2113 ,
1437 2073 1539 2117 epigr.
1557 2084 1614 2106 ux
1627 2085 1636 2106 :
1659 2089 1672 2103 ι
1690 2073 1795 2106 Millia
1808 2086 1871 2117 pro

1246 2133 1351 2166 puero
1362 2131 1494 2155 centum
1508 2134 1561 2155 me
1575 2133 1692 2166 mango
1704 2124 1870 2167 poposcit;

1247 2171 1315 2204 Risi
1330 2182 1407 2215 ego,
1424 2171 1481 2204 sed
1494 2171 1636 2204 Phoebus
1652 2172 1803 2215 protinus
1817 2173 1871 2205 illa

1247 2219 1340 2253 dedit
1356 2236 1369 2248 -
1383 2233 1393 2260 ;
1407 2228 1438 2252 et
1451 2220 1506 2253 lib.
1523 2221 1588 2252 XII
1601 2241 1612 2258 ‚
1627 2221 1729 2264 epigr.
1742 2233 1871 2261 xxx-111:

1251 2285 1265 2298 e
1286 2270 1332 2301 Ut
1348 2281 1467 2312 pueros
1480 2278 1600 2302 emeret
1615 2270 1778 2301 Labienus
1791 2282 1870 2303 ven-

1247 2316 1332 2351 didit
1346 2318 1468 2351 hortos.
1482 2334 1495 2347 1·
1517 2319 1560 2350 At
1579 2318 1666 2350 nulla
1691 2318 1767 2351 inde
1786 2319 1871 2352 Lino

1245 2368 1443 2412 paupertatis
1457 2367 1595 2400 occasio.
1893 2360 1899 2366 ⁵

1300 2428 1354 2449 ro.
1371 2416 1470 2449 Stetit.
1491 2417 1519 2447 A
1544 2415 1693 2459 pedibus.
1711 2416 1790 2450 Vid.
1810 2417 1870 2450 lib.

1248 2466 1298 2497 111
1316 2490 1326 2505 ‚
1355 2465 1456 2509 epigr.
1491 2475 1575 2497 xxnr
1595 2477 1605 2504 3
1634 2465 1685 2496 vel
1714 2477 1779 2497 non
1811 2466 1870 2498 tibi

1248 2522 1357 2547 rectus
1368 2513 1493 2547 adstitit
1506 2514 1654 2546 minister
1668 2521 1700 2546 ct
1715 2514 1872 2557 pincerna

1250 2563 1424 2603 formosus,
1442 2562 1497 2595 sed
1508 2587 1517 2602 ‚
1532 2571 1594 2595 etc.
1614 2563 1673 2594 En.
1690 2582 1738 2588 -—
1752 2564 1873 2595 Rustica

1252 2613 1418 2653 tur-basod.
1431 2612 1542 2645 Villici
1555 2612 1648 2655 pueri
1663 2622 1779 2643 verme.
1792 2612 1871 2645 Vid.

1250 2661 1358 2700 lih.1‚
1380 2661 1481 2704 epigr.
1503 2673 1542 2700 1.,
1562 2672 1606 2693 vs.
1631 2672 1672 2702 ²7
1693 2668 1726 2691 et
1744 2661 1800 2692 ²8.
