2447 3518
672 478 1218 522 EPIGRAMMATUM
1251 480 1367 521 LIB.
1401 480 1482 520 IV.

1629 480 1716 531 4¹¹

549 561 789 619 Impositum
803 592 815 611 ,
835 569 964 603 mater
988 559 1098 618 quod
1123 560 1194 602 tibi
1218 560 1320 602 dura
1342 559 1453 602 dedit
1474 575 1484 601 :

486 625 610 680 Quod
633 641 708 668 nec
731 625 1008 684 Melpomene,
1027 625 1137 682 quod
1159 640 1233 668 nec
1256 625 1522 683 Polyhymnia
1548 627 1692 684 possit,

548 691 638 734 Nec
666 692 731 749 pia
757 706 849 733 cum
873 691 1028 733 Phoebo
1051 690 1184 733 dicere
1207 689 1401 749 Calliope.

483 757 596 814 Ergo
617 755 778 814 aliquod
800 765 958 814 gratum
977 756 1106 797 Musis
1129 755 1200 798 tibi
1223 771 1372 799 nomen
1392 755 1540 815 adopta
1560 772 1570 797 ε

548 822 644 864 Non
668 837 828 879 semper
851 820 954 864 belle
978 821 1127 863 dicitur
1147 820 1440 879 Hippodamus.

420 948 497 993 quie
521 960 582 993 per
611 949 839 993 aspirationem
865 950 980 994 primm
1007 949 1046 980 li-

421 1005 497 1031 terae
508 1022 518 1036 ,
550 1005 582 1030 et
610 998 900 1042 reduplicationem
933 999 1047 1031 subse-

421 1055 575 1090 quentem
600 1047 714 1080 littera
734 1061 777 1091 p,
801 1049 898 1081 hebet
923 1047 1046 1091 aliquid

420 1094 510 1140 quod
538 1096 670 1129 auribus
695 1096 841 1130 delicatis
866 1105 1047 1140 repugnem

420 1145 515 1188 cujus
531 1156 643 1178 teneus
662 1145 743 1178 mihi
761 1146 861 1179 fidem
876 1147 981 1179 secere
998 1146 1047 1178 vi-

420 1191 519 1225 detur
534 1205 597 1226 vox
615 1194 691 1226 dura
713 1195 748 1227 in
770 1208 866 1228 versu
885 1195 1046 1239 sequenti.

419 1241 553 1275 Judicet
565 1243 678 1277 lector.
693 1244 756 1277 En.

472 1294 505 1324 6.
523 1291 702 1336 Impositum.
721 1294 871 1337 Namque
891 1293 973 1326 alter
988 1305 1047 1337 pa·
1062 1291 1067 1296 ’

420 1347 550 1373 rentum
569 1352 691 1374 nomen
709 1342 825 1375 infanti
844 1343 1046 1386 imponebat.

420 1388 628 1435 Quandoque
641 1391 775 1423 honoris
784 1392 886 1434 gratia
900 1392 996 1424 alicui
1008 1403 1047 1424 ex

420 1438 535 1471 amicis
544 1438 685 1472 nominis
700 1440 890 1483 imponendi
901 1440 1048 1485 dignatio

421 1485 672 1521 concedebatur.
686 1489 814 1522 Heraia.

473 1547 505 1578 7.
523 1537 615 1579 Quod
624 1550 715 1583 neque
729 1538 908 1582 Melpomene
921 1538 955 1571 in
971 1537 1046 1571 edd.

421 1591 503 1617 vett.
523 1586 695 1630 Poly-nuncia
708 1586 782 1619 cod.
804 1587 1047 1620 Pulmanni.--

424 1632 517 1676 Quod
543 1647 596 1666 nec
620 1635 810 1679 Melpomene.
835 1636 916 1669 Tress
940 1637 1048 1670 Musas

420 1693 484 1726 pro
508 1683 629 1728 triplici
655 1684 836 1717 carminum
854 1697 972 1729 genere
988 1698 1048 1729 po-

422 1731 497 1764 mit.
516 1731 724 1776 Melpomene
744 1741 860 1778 preest
885 1734 1049 1780 tragoediis

422 1786 457 1812 et
480 1779 591 1824 elegiis
612 1794 621 1813 =
647 1781 737 1814 unde
760 1783 914 1816 Horatius
938 1784 972 1824 1,
990 1784 1046 1817 od.

427 1832 495 1868 24:
521 1846 535 1860 ι
550 1830 693 1876 Praecipe
722 1832 876 1875 lugubres
906 1833 1048 1874 Cantus,

421 1877 629 1923 Melpomene
653 1897 666 1909 -
684 1906 694 1920 ,
716 1888 776 1914 etc.
801 1900 850 1907 -—
870 1882 935 1915 Nec
953 1883 1048 1928 Ροζγ-

1099 949 1227 993 hunnici.
1244 949 1306 982 Cui
1321 960 1407 982 euroe
1415 957 1492 982 sunt
1502 960 1612 981 vernus
1620 949 1724 992 lyrici.

1100 998 1213 1031 Horat.
1227 998 1260 1036 1,
1279 997 1335 1031 od.
1352 1009 1366 1031 ι
1386 1009 1395 1030 :
1411 1016 1423 1028 v
1435 1009 1495 1031 nec
1508 997 1726 1041 Polyhymnia

1100 1047 1260 1080 Lesboum
1269 1047 1390 1091 refugit
1396 1046 1530 1080 tendere
1537 1047 1688 1079 barbiton
1694 1071 1702 1079 .
1709 1063 1722 1076 ι

1151 1099 1182 1129 8.
1215 1096 1359 1140 Calliope.
1394 1097 1552 1129 Versibus
1587 1096 1726 1129 heroicis

1101 1145 1262 1189 praesidet.
1286 1145 1402 1179 Horat.
1430 1146 1487 1178 lib.
1505 1145 1555 1178 111
1566 1168 1576 1184 ,
1602 1144 1655 1177 od.
1682 1150 1701 1184 4
1716 1157 1725 1178 :

1105 1211 1118 1223 -
1131 1194 1295 1228 Descende
1310 1195 1405 1234 caelo;
1415 1202 1446 1226 et
1459 1193 1512 1227 dic
1521 1218 1531 1233 ‚
1542 1205 1616 1237 age,
1629 1194 1707 1226 tibia
1716 1217 1726 1234 ,

1100 1244 1224 1289 Regina
1237 1245 1370 1288 longum
1379 1268 1389 1283 ,
1399 1244 1546 1287 Calliope
1558 1267 1568 1283 ,
1584 1243 1694 1275 melos.
1707 1260 1721 1272 ι

1100 1294 1219 1337 Vin-gil.
1243 1296 1317 1326 AEn.
1340 1293 1408 1332 lx,
1433 1292 1500 1326 525
1528 1302 1537 1324 :
1567 1307 1580 1321 ιι
1603 1293 1689 1332 Vos,
1705 1304 1727 1324 o

1101 1342 1246 1387 Calliope
1259 1366 1269 1383 ,
1286 1353 1402 1387 precor
1414 1366 1423 1381 ‚
1449 1341 1587 1385 aspin-nte
1603 1352 1725 1373 canen-

1101 1392 1137 1424 ti.
1151 1394 1305 1425 --Piam
1320 1390 1417 1431 dixit,
1437 1391 1487 1423 vel
1502 1389 1579 1433 quia
1595 1389 1653 1422 filii
1674 1390 1726 1422 sui

1101 1441 1226 1485 Orphei
1247 1448 1386 1474 mortem
1407 1438 1557 1477 deflevit,
1574 1440 1625 1471 vel
1649 1438 1727 1483 quia

1100 1490 1242 1523 heroum
1259 1498 1292 1523 et
1306 1489 1444 1522 maxime
1463 1487 1600 1521 deorum
1616 1487 1728 1520 laudes

1102 1547 1198 1572 canit.

1153 1600 1186 1631 9.
1198 1586 1388 1621 Beverlandi
1398 1586 1468 1619 MS.
1479 1598 1579 1618 nomen
1595 1587 1725 1629 adoptes.

1156 1648 1208 1670 ιο.
1227 1637 1454 1680 Hippodamum
1471 1636 1505 1668 in
1527 1634 1655 1668 eodem.
1673 1634 1728 1668 Sic

1103 1686 1335 1731 Hippodamum
1352 1693 1385 1717 et
1403 1682 1618 1728 Hippodamia
1634 1682 1722 1727 apud

1101 1736 1267 1768 Justinum
1284 1735 1331 1767 Μ.
1350 1733 1446 1766 Cous.
1463 1730 1614 1765 Ovid.ex
1628 1733 1725 1764 Pont.

1103 1785 1163 1823 lv,
1186 1796 1225 1817 η
1239 1796 1249 1824 3
1265 1783 1366 1816 Rutil.
1387 1783 1519 1815 Numat.
1539 1780 1580 1813 ad
1603 1780 1727 1813 Rufum
1781 1793 1788 1801 ·

1105 1837 1173 1876 4¹9
1184 1857 1194 1873 ,
1210 1842 1243 1866 et
1258 1830 1423 1865 Sirmond.
1447 1830 1489 1863 ad
1506 1829 1620 1863 Sidon.
1642 1828 1705 1862 103
1716 1853 1727 1869 ,

1101 1894 1176 1927 pag.
1194 1894 1272 1915 κα.

939 2009 1211 2062 XXXII.

704 2146 765 2174 DE
797 2147 893 2175 APE
927 2146 1153 2175 ELECTRO
1189 2126 1445 2174 mmmmm*

487 2256 550 2298 ΕΤ
569 2254 666 2297 latet
683 2264 724 2297 et
743 2254 850 2297 lucet
871 2255 1166 2298 Phaethontide
1186 2254 1348 2297 condita
1368 2263 1502 2312 gutta,

470 2377 666 2416 'Deciderat
680 2382 765 2415 forte
780 2382 888 2414 electri
902 2382 1046 2426 lacryma

422 2431 457 2464 in
477 2432 565 2476 apim
578 2457 588 2472 ,
611 2439 643 2464 et
667 2430 787 2464 deinde
808 2431 959 2474 guttatim
975 2431 1046 2474 glo-

421 2481 519 2514 bulus
545 2482 647 2514 faetus
671 2482 795 2520 fuerat,
818 2480 852 2512 in
871 2491 938 2522 quo
953 2480 1046 2523 quasi

423 2531 550 2562 tumulo
570 2529 743 2574 perlucido
767 2528 894 2572 sepulta
919 2529 1044 2573 perspi-

414 2578 569 2612 ·eiebetur
585 2579 672 2623 epis:
697 2577 783 2610 idem
807 2578 851 2610 ait
873 2576 915 2610 de
934 2578 1046 2621 viper·

419 2626 500 2660 inst.
530 2628 631 2672 epigr.
657 2639 712 2661 ux
726 2652 736 2666 ‚
764 2635 795 2660 et
822 2626 864 2659 de
891 2626 1043 2664 formica,

421 2676 479 2709 lib.
496 2677 545 2709 vl
556 2699 566 2716 ,
582 2676 683 2721 epigr.
704 2688 756 2708 xv.

468 2745 519 2752 —
541 2725 647 2770 Hujus
671 2725 908 2771 epigrammatis
931 2723 1044 2758 lectio·

1100 2393 1176 2414 nem
1194 2393 1262 2414 non
1279 2382 1404 2415 variant
1427 2383 1644 2421 membrana,
1670 2387 1726 2413 aut

1098 2430 1173 2463 libri
1192 2431 1309 2463 excusi.

1152 2491 1181 2512 1.
1210 2480 1424 2512 Phaethontide
1453 2486 1551 2522 gutta.
1583 2479 1725 2511 Electra.

1099 2529 1366 2568 Phaethontides,
1376 2528 1478 2568 idest,
1487 2539 1613 2560 sorores
1624 2527 1726 2559 Phae·

1099 2578 1222 2610 thontis
1236 2600 1246 2617 ,
1272 2589 1372 2621 quum
1395 2589 1473 2610 eum
1498 2578 1643 2620 lugerent
1667 2587 1725 2607 ex-

1098 2627 1268 2666 stinctum,
1284 2635 1416 2659 mutata}
1435 2634 1510 2658 sunt
1524 2627 1557 2657 in
1575 2625 1728 2669 populos,

1098 2687 1117 2707 e
1143 2676 1264 2719 quibus
1292 2674 1409 2708 defluit
1436 2675 1613 2713 electrum,
1633 2672 1725 2716 quod

1098 2735 1210 2757 earum
1224 2724 1382 2768 lacrymas
1393 2735 1460 2757 esse
1471 2731 1575 2767 poetoe
1585 2721 1726 2766 fingunt.
