2447 3518
719 406 778 437 xx
819 404 823 410 ·
910 392 993 433 DE
1026 391 1086 433 M.
1106 392 1237 435 VAL.
1273 393 1635 437 MARTIALIS
1668 394 1819 437 VITA

718 473 774 514 Et
793 472 997 523 II‚xcn:

1010 576 1184 611 Natorum
1202 575 1288 611 mihi
1300 576 1360 623 jus
1380 575 1485 611 trium
1502 576 1641 623 roganti

1007 632 1191 667 Musarum
1207 630 1363 679 pretium
1380 631 1480 667 dedit
1493 643 1652 667 mearum
1662 658 1673 675 ‚

1006 687 1112 723 Solus
1127 688 1191 736 qui
1206 696 1360 736 poterat.
1374 687 1539 732 Nebis,
1556 699 1660 724 uxor.

1007 745 1088 780 Non
1103 743 1210 780 debet
1224 744 1369 782 Domini
1385 745 1504 794 perire
1519 757 1658 782 munus.

715 841 888 884 Creatus
909 850 972 884 est
997 842 1186 886 tribunus¹
1198 877 1210 897 ,
1233 842 1345 902 quod
1370 844 1459 898 111,
1485 857 1593 897 xcv,
1611 844 1762 901 jactat:

811 945 875 979 Est
892 951 927 979 et
945 943 983 979 in
1000 943 1070 980 hoc
1087 943 1222 992 aliquid
1238 959 1248 980 ε
1267 943 1358 982 vidit
1370 956 1427 980 me
1444 947 1560 981 Roma
1575 943 1768 982 tn'bunum.

712 1042 894 1085 Ornatus
921 1051 983 1084 est
1004 1043 1183 1100 equestri
1209 1042 1427 1100 dignitate3
1452 1042 1605 1086 ibidem
1624 1060 1634 1085 :

907 1145 953 1179 Et
966 1141 1074 1179 sedeo
1086 1168 1096 1186 ,
1114 1154 1187 1190 qua
1206 1150 1241 1177 te
1256 1142 1403 1179 suscitat
1419 1143 1605 1179 omnus:

713 1247 795 1290 hoe
818 1255 904 1300 est,
928 1255 1068 1305 specto
1093 1247 1136 1289 in
1160 1246 1331 1289 theatris
1357 1244 1476 1290 ludos
1504 1247 1611 1290 inter
1638 1248 1803 1306 equites.
1828 1249 2025 1293 Praedicat

717 1312 990 1365 eamdem,V,
1010 1325 1093 1355 xm
1116 1327 1125 1353 ι

811 1416 897 1450 Sum
907 1442 918 1460 ,
936 1413 1068 1459 fateor,
1083 1424 1295 1461 semperque
1313 1412 1385 1457 fui,
1400 1413 1613 1458 Callistrate,
1628 1425 1784 1463 pauper,

859 1469 929 1507 Sed
947 1481 1019 1505 non
1036 1468 1230 1514 obscurus,
1250 1481 1316 1504 nee
1334 1469 1426 1505 male
1439 1477 1546 1505 notus
1561 1482 1680 1518 eques.

715 1573 874 1612 Auetus
887 1577 949 1611 est
966 1567 1084 1611 donis
1105 1568 1148 1609 in
1163 1568 1267 1610 urbe
1284 1576 1328 1610 et
1348 1568 1445 1610 ruri.
1467 1567 1727 1611 Domieilium
1747 1569 1821 1612 sibi
1840 1570 2023 1629 assigna-

714 1643 804 1677 tum
825 1635 867 1676 in
894 1632 1019 1687 urbe,
1038 1641 1080 1676 et
1103 1648 1172 1676 rus
1193 1632 1472 1676 suburbanum
1493 1633 1633 1686 docet,
1651 1636 1735 1688 IX,
1752 1648 1890 1679 xcvm
1909 1652 1918 1677 :

813 1735 1006 1783 Rumpitur
1021 1734 1172 1779 invidia,
1184 1733 1283 1783 quod
1297 1746 1358 1771 rus
1374 1733 1462 1770 mihi
1479 1734 1583 1771 dulce
1597 1734 1664 1772 sub
1678 1734 1769 1773 urbe
1781 1744 1850 1781 est,

860 1796 1045 1841 Parvaque
1058 1792 1095 1828 in
1113 1791 1204 1828 urbe
1221 1790 1367 1837 domus,
1384 1792 1561 1840 rumpitur
1576 1791 1720 1828 invidia.

717 1898 771 1940 Et
795 1898 861 1950 X,
884 1910 990 1939 tvm
1015 1912 1025 1937 z

815 2004 916 2038 Dura
933 1999 1132 2037 suburbani
1150 2000 1236 2036 dum
1248 1999 1374 2048 jugera
1388 2000 1564 2048 pascimus
1577 2001 1670 2048 agri,

864 2058 1082 2106 Vicinosque
1099 2056 1181 2100 tibi,
1197 2065 1316 2093 sancte
1332 2056 1502 2102 Quirine,
1516 2057 1620 2093 lares.

718 2160 822 2202 Item
844 2158 950 2199 VIII
959 2188 972 2210 ‚
995 2171 1067 2199 mn
1086 2172 1096 2197 :

819 2259 890 2297 Sed
909 2257 1006 2306 quod
1024 2257 1091 2294 sub
1108 2257 1198 2293 urbe
1210 2269 1273 2293 rus
1288 2256 1461 2293 habemus
1478 2258 1657 2303 aestivum,

818 2316 1063 2363 Vehimurque
1079 2315 1200 2359 mulis,
1218 2326 1310 2358 non,
1330 2321 1370 2349 ut
1386 2322 1483 2359 ante,
1499 2314 1694 2350 conductis.

722 2420 923 2464 Praedium
948 2419 1251 2461 Nomentanum
1276 2416 1461 2475 pluribus
1481 2417 1685 2460 versiculis
1712 2417 1921 2472 nobilitat,
1948 2421 2024 2473 IV,

723 2501 855 2539 xum
880 2485 981 2536 Vll,
997 2497 1135 2536 xcr11;
1158 2485 1216 2536 X,
1241 2496 1379 2524 vam
1395 2491 1437 2525 et
1453 2496 1576 2536 xcw3
1598 2485 1704 2525 XIII
1720 2517 1732 2538 ,
1754 2497 1873 2527 cxlx.

789 2549 913 2593 Italiae
923 2564 1084 2607 quoque
1103 2556 1259 2606 partem
1273 2562 1364 2590 eam
1375 2547 1478 2590 obiit
1493 2549 1618 2591 Poeta
1628 2581 1641 2603 ,
1652 2563 1774 2607 quam
1791 2546 1888 2592 olim
1903 2550 2023 2592 AEmi·

724 2615 840 2668 liam,
863 2630 935 2658 seu
956 2622 1133 2672 togatam
1161 2612 1335 2656 Galliam
1367 2612 1527 2665 dixere,
1557 2628 1666 2656 nunc
1697 2614 1943 2658 Lombardia
1964 2617 2022 2658 cis
