2447 3518
805 442 1351 505 EPIGRAMMATUM
1382 441 1501 485 LIB.
1536 442 1619 484 lv.

1773 439 1865 500 395

691 523 785 566 Sive
809 522 1000 581 harpasta
1022 538 1147 567 manu
1171 522 1455 583 pulverulenta
1475 523 1610 581 rapis;

627 587 793 630 Plumea
815 602 887 630 seu
907 586 986 630 laxi
1007 589 1168 646 partiris
1189 587 1371 647 pondera
1393 587 1519 642 follis;

693 654 787 695 Sive
808 650 939 695 levem
954 665 1087 696 'cursu
1114 654 1279 697 vincere
1303 654 1449 711 quaeris
1471 653 1618 696 Atham
1641 669 1651 694 :

565 798 637 831 quoe
652 785 796 819 difficilis
818 793 927 830 turget
946 786 1101 830 paganica
1117 787 1192 831 plu·

565 847 619 868 mn
635 835 725 868 Folle
740 835 849 867 minus
860 835 934 868 laxa
952 842 1019 876 est,
1036 842 1070 868 et
1081 836 1194 868 minus

565 891 653 917 areta
673 884 751 928 pila.
775 899 789 914 ι
817 883 1023 917 Postremum
1046 893 1096 918 est
1120 885 1193 916 har·

561 940 679 977 pastun
703 944 722 966 a
742 944 849 977 groco
866 933 968 965 verbo
985 933 1129 977 ἀρπάζω,
1146 945 1195 965 ra-

561 983 615 1026 pio
625 994 638 1015 .·
653 981 720 1026 pila
737 989 808 1014 erat
826 982 975 1014 omnium
994 981 1130 1015 minima
1153 994 1193 1015 ex

566 1031 672 1069 corio,
688 1041 789 1075 quam
802 1030 884 1064 alter
900 1029 1018 1063 ludens
1034 1030 1126 1064 alteri
1141 1042 1194 1064 ra-

565 1080 699 1124 piebat,
717 1091 820 1123 quum
841 1091 1033 1123 repercussu
1048 1088 1196 1124 surgeret

566 1126 719 1172 (gallice,
734 1124 904 1170 rebondir).
915 1129 994 1162 flac
1008 1140 1048 1161 ex
1063 1129 1195 1162 Mercu-

566 1177 656 1217 riali,
671 1176 714 1210 de
732 1178 812 1210 Arte
830 1177 1060 1221 Gymnastica,
1073 1178 1133 1210 lib.
1149 1178 1196 1217 11,

566 1237 639 1270 cap.
658 1225 691 1259 5.
712 1244 761 1253 -·
782 1227 926 1270 Trigona.
948 1227 1028 1259 Erat
1042 1226 1112 1259 hec
1128 1226 1196 1270 pila

568 1274 716 1308 omnium
732 1274 866 1308 minima
881 1283 915 1308 et
930 1274 1105 1308 duri-sima
1117 1299 1127 1317 ,
1141 1275 1197 1308 sti-

568 1331 647 1368 pato
661 1331 696 1357 et
711 1322 815 1357 denso
831 1324 901 1368 pilo
920 1318 1028 1367 (uncle
1043 1323 1119 1368 pilu
1134 1336 1196 1357 no·

567 1370 669 1412 men)
687 1372 789 1413 ἔπιες
807 1380 944 1417 utraque
961 1384 1061 1406 manu
1080 1373 1196 1417 impel-

568 1422 699 1455 lebatur
718 1429 752 1454 et
770 1421 1017 1466 excipiebatur:
1037 1423 1143 1466 prima
1164 1430 1197 1455 et

568 1482 697 1504 summa
709 1470 817 1503 cautio
829 1478 915 1512 erat,
927 1483 971 1505 ne
984 1479 1104 1504 terram
1117 1482 1197 1504 con·

570 1520 725 1564 tingeret,
743 1518 801 1553 sed
819 1527 857 1553 ut
878 1520 986 1554 a'dhuc
1006 1520 1117 1553 volans
1141 1531 1197 1564 ge-

570 1569 762 1601 minaretur.
795 1569 867 1601 Cur
896 1576 1068 1602 vocaretur
1099 1572 1198 1612 trigon

571 1618 607 1650 in
633 1624 711 1650 nota
735 1616 934 1661 prncedenti
964 1617 1121 1658 diximus;
1142 1618 1198 1650 alii

570 1675 680 1699 tamen
694 1674 814 1710 putant
828 1667 893 1699 hoc
907 1678 1029 1701 nomen
1041 1667 1072 1699 ei
1085 1666 1198 1700 datum

573 1716 673 1748 fuisse
687 1726 727 1748 ex
740 1715 847 1759 figura
858 1716 923 1748 loci
938 1716 1016 1749 huic
1029 1714 1110 1749 ludo
1120 1715 1199 1749 oedi·

572 1764 678 1805 ficati;
694 1772 728 1797 et
736 1764 863 1808 tepidum
881 1764 1035 1809 appellari
1049 1776 1067 1798 a
1081 1764 1179 1797 Poeta
1188 1787 1199 1804 ‚

573 1813 651 1858 quin
675 1824 735 1857 per
761 1813 904 1846 hiemem
933 1814 1038 1846 calore
1067 1812 1200 1846 modico

573 1862 746 1895 fovebatur
759 1862 815 1895 ille
827 1861 916 1895 idem
928 1863 1030 1901 locus,
1040 1874 1081 1895 ue
1094 1862 1201 1895 exsuti

575 1910 616 1944 ad
637 1910 820 1944 ludendum
840 1911 989 1944 homines
1010 1911 1106 1944 facile
1126 1919 1202 1955 post

576 1959 692 1992 ludum
710 1960 990 2004 perfrigescerent.
1009 1980 1060 1987 --
1072 1961 1136 1994 Alii
1154 1961 1201 1992 le-

575 2017 657 2052 gunt
672 2009 830 2052 trepidum,
844 2017 942 2053 atque
957 2009 1144 2053 intelligunt
1159 2008 1202 2041 de

575 2058 824 2091 concursatione
857 2057 1042 2092 ludentium
1054 2081 1066 2098 ‚
1097 2066 1131 2091 et
1159 2069 1202 2091 ne

579 2107 644 2151 pila
659 2106 810 2147 caderet,
822 2107 1020 2141 caventium.
1035 2108 1100 2140 En.
1166 2129 1169 2132 Δ

628 2158 661 2189 6.
696 2157 864 2199 Harpasta.
903 2157 981 2189 Erat
1015 2156 1204 2201 harpastum

579 2205 645 2249 pila
669 2206 773 2249 major
801 2206 920 2249 paulo,
944 2217 1043 2249 quam
1070 2206 1204 2249 trigonz

578 2265 691 2298 panno
718 2254 870 2295 conciso,
893 2255 965 2288 lana
986 2255 1039 2288 vel
1059 2262 1205 2287 tomento

580 2304 776 2346 implebatur
794 2327 803 2343 ,
821 2315 918 2347 quaxn
942 2304 998 2336 alii
1015 2303 1085 2336 aliis
1103 2315 1203 2336 cona-

578 2352 699 2385 bantur
717 2352 862 2396 eripere,
888 2359 920 2384 et
945 2351 988 2384 ad
1010 2363 1082 2385 suas
1100 2360 1205 2385 traus-

580 2401 667 2434 ferre
677 2409 804 2445 purten
821 2408 890 2434 tum
904 2401 1007 2433 sicubi
1021 2400 1205 2442 decideret,

581 2456 785 2483 accurrentes
800 2450 989 2483 catervatim
999 2450 1093 2482 humi
1107 2462 1141 2483 se
1154 2451 1205 2483 iu-

580 2498 685 2533 vicem
709 2499 981 2543 prosternebant,
1008 2499 1144 2543 pulvere
1174 2507 1207 2532 et

581 2546 700 2580 sudore
720 2548 843 2582 infecti,
864 2568 915 2574 —
932 2549 1149 2580 pulverulenta.
1167 2549 1206 2580 In

582 2597 717 2641 pulvere
737 2596 893 2630 ludebant
921 2597 1078 2640 Antiqui,
1108 2597 1208 2640 igitur

583 2646 712 2689 quoties
749 2653 867 2679 terram
902 2646 1079 2689 attingebat
1121 2646 1187 2690 pila
1199 2671 1208 2687 ,

583 2695 809 2739 pulverulenta
840 2696 1036 2738 resurgebat.
1067 2696 1130 2729 En.
1160 2715 1207 2722 --

1245 786 1349 829 Rapis.
1360 785 1509 830 Inte-llige
1522 786 1591 818 aliis
1600 787 1687 829 eripis
1699 779 1872 827 (videatur

1244 833 1369 879 supra)
1382 835 1434 867 vel
1444 847 1462 868 e
1473 844 1559 868 terra
1571 835 1782 868 resultantem
1791 834 1874 868 acri-

1245 891 1296 917 ter
1315 883 1449 917 suscitas
1463 894 1473 917 z
1489 884 1537 917 sic
1554 885 1707 917 Lucanus
1721 883 1758 916 in
1772 884 1874 916 Pane·

1245 932 1359 977 gyrico
1390 931 1434 965 ad
1458 933 1673 977 Calpurnium
1698 932 1871 966 Pisonem:

1250 998 1264 1011 ι
1280 981 1351 1014 Nec
1375 981 1436 1014 tibi
1459 981 1613 1015 nobilitas
1633 980 1743 1014 minor
1760 989 1829 1022 est,
1844 981 1873 1014 si

1246 1030 1332 1063 forte
1355 1030 1519 1063 volantem
1544 1033 1613 1063 Aut
1637 1030 1803 1075 geminare
1821 1029 1874 1075 pi-

1245 1079 1311 1112 lam
1321 1080 1435 1123 juvat,
1450 1088 1507 1113 aut
1518 1090 1672 1113 revocare
1688 1079 1874 1120 cadentem,

1245 1128 1290 1161 Et
1304 1138 1374 1160 nou
1389 1137 1519 1173 sperato
1538 1129 1718 1173 fugientem
1736 1127 1874 1162 reddere

1249 1184 1355 1221 gestu.
1368 1192 1382 1206 n
1395 1178 1459 1210 En.

1298 1238 1332 1270 7.
1348 1226 1482 1259 Plumea.
1502 1225 1570 1259 Pila
1597 1226 1683 1259 follis
1711 1225 1804 1260 corio
1826 1234 1874 1259 te·

1247 1282 1300 1309 cta
1318 1271 1428 1313 (follis
1443 1274 1532 1308 idem
1548 1283 1619 1308 erat
1634 1274 1724 1319 apud
1738 1276 1876 1308 Veteres

1248 1335 1285 1357 ac
1304 1323 1399 1368 pellis
1412 1318 1446 1367 ),
1468 1331 1501 1357 et
1520 1332 1622 1358 vento
1645 1323 1784 1358 distenta
1796 1347 1808 1364 ,
1827 1324 1875 1357 le·

1247 1372 1322 1406 vior
1348 1381 1417 1405 erat
1440 1373 1574 1406 caeteris.
1594 1373 1699 1417 Igitur
1715 1373 1800 1406 han‘c
1816 1384 1875 1417 sp-

1248 1422 1349 1466 pellat
1361 1422 1509 1466 plumeam
1532 1422 1691 1455 Martialis
1710 1434 1721 1463 3
1757 1422 1877 1455 lentius

1248 1471 1353 1504 fertur
1379 1470 1435 1503 illa
1448 1495 1459 1512 ‚
1487 1470 1676 1515 tardiusque
1708 1470 1877 1504 descendit

1248 1518 1339 1552 uude
1348 1520 1479 1553 senibus
1491 1528 1525 1553 et
1537 1520 1649 1564 pueris
1658 1518 1874 1553 commodior.

1249 1588 1299 1594 —
1313 1569 1376 1601 vel
1389 1580 1449 1612 per
1460 1569 1608 1612 plwneam
1620 1569 1721 1613 pilam
1734 1569 1878 1613 intellige

1248 1617 1879 1699 ’ἐὶωὴῖἱῗὶῗῖῗίἷῖηἷὲᾞῖῗῗῗέὶ

1305 1690 1315 1698 ι
1327 1686 1377 1692 -
1469 1691 1477 1699 ι
1801 1690 1812 1706 '

1250 1714 1383 1757 majoris
1398 1738 1408 1755 ,
1434 1723 1551 1759 utpote
1575 1728 1648 1759 quae
1674 1723 1773 1748 vento
1798 1727 1879 1748 con·

1250 1763 1337 1796 flata.
1360 1764 1424 1796 En.
1442 1782 1493 1789 ——
1509 1764 1639 1797 Partitis
1651 1764 1795 1808 pondera.
1812 1765 1880 1795 Im-

1251 1812 1347 1857 pellis
1373 1824 1432 1857 per
1462 1813 1550 1846 vices
1567 1838 1578 1854 ,
1603 1815 1688 1857 justa
1718 1812 1879 1846 divisione

1253 1861 1334 1894 facta
1357 1873 1433 1894 cum
1450 1862 1678 1895 collusoribus.
1699 1862 1761 1895 Vel
1783 1862 1880 1894 intel-

1252 1910 1335 1955 lige;
1351 1910 1475 1943 metiris
1483 1918 1516 1944 et
1525 1919 1632 1944 tecum
1643 1918 1812 1955 computas
1824 1910 1882 1944 ubi

1254 1967 1287 1992 et
1302 1958 1435 2003 quando
1450 1960 1600 2004 lapsurus
1616 1961 1659 1993 sit
1672 1960 1774 1998 follis,
1790 1958 1883 2003 quod

1254 2008 1388 2052 quidem
1406 2015 1444 2040 ut
1456 2009 1650 2053 perspicias,
1667 2008 1800 2053 pondua
1819 2009 1882 2042 tibi

1254 2056 1494 2090 estimandum.
1513 2060 1617 2092 Acuta
1634 2058 1802 2091 antithesis
1810 2058 1882 2102 plu-

1257 2119 1321 2141 mea
1330 2107 1463 2150 pondem
1474 2132 1484 2147 ,
1502 2105 1538 2139 id
1553 2116 1616 2146 est,
1630 2106 1809 2140 levissima:
1824 2118 1885 2150 po-

1257 2163 1385 2188 nuntur
1398 2156 1532 2199 pondera
1545 2168 1606 2200 pro
1622 2157 1767 2189 motibus
1782 2155 1885 2200 ipsius

1259 2205 1354 2237 follis.
1371 2205 1434 2237 En.

1309 2255 1341 2287 8.
1355 2254 1528 2287 Pulmanni
1540 2254 1642 2287 codex
1652 2254 1751 2287 habet
1761 2279 1770 2294 ,
1776 2255 1885 2295 forsan

1258 2306 1375 2335 vincere
1400 2305 1507 2347 quoeris
1538 2304 1663 2336 Atltam.
1692 2303 1886 2336 Hermolaus

1259 2352 1422 2385 Barbarus
1453 2353 1607 2396 Castigat.
1627 2352 1683 2385 lib.
1710 2352 1777 2384 VII
1786 2377 1795 2391 ,
1822 2363 1886 2396 pro

1259 2401 1372 2434 Aenum
1388 2401 1466 2445 legit
1480 2402 1609 2439 Aelmn‚-
1628 2400 1684 2434 sed
1698 2400 1796 2434 codd.
1813 2401 1889 2434 Flo-

1259 2458 1344 2483 rent.
1364 2459 1396 2483 et
1412 2450 1519 2484 Vatic.
1541 2450 1696 2483 exhibent
1713 2450 1821 2483 Atlan.
1837 2470 1887 2476 —-

1260 2500 1385 2533 Alliam.
1400 2499 1541 2532 Puerum
1557 2500 1664 2532 levem
1678 2506 1710 2531 et
1720 2510 1818 2532 cursu
1830 2510 1887 2531 ve-

1259 2548 1374 2581 locem.
1388 2548 1468 2581 vid.
1478 2549 1560 2581 Plin.
1575 2549 1632 2581 lib.
1641 2549 1708 2580 vn
1718 2572 1727 2587 ‚
1738 2560 1767 2580 c.
1779 2559 1822 2580 20
1832 2571 1842 2586 ‚
1855 2554 1888 2580 et

1262 2598 1355 2631 Alex,
1372 2598 1476 2641 Neap.
1490 2598 1549 2631 lib.
1564 2598 1615 2637 11,
1631 2610 1660 2631 c.
1677 2609 1733 2629 αι.
1744 2597 1806 2629 Vel
1825 2607 1885 2628 no-

1262 2658 1338 2680 men
1355 2647 1467 2679 fictum
1481 2659 1499 2679 a
1513 2655 1610 2691 poeta
1619 2670 1630 2686 ,
1644 2647 1721 2679 Atta
1735 2646 1823 2678 enim
1836 2652 1886 2677 est

1263 2696 1322 2738 qui
1343 2704 1462 2729 terram
1478 2696 1593 2729 leviter
1612 2694 1753 2738 attingit.
1768 2694 1886 2727 Festus.
