2447 3518
578 505 756 533 xxxv-111
792 490 1224 534 DI-SSERTATIO
1258 493 1342 534 DE
1374 493 1662 536 INGENIO

772 564 861 609 Quis
879 575 951 599 non
971 575 1046 599 esse
1061 575 1203 612 gregem
1218 564 1403 601 crederet?
1421 578 1511 602 unus
1527 574 1626 602 erat:

691 621 694 624 ’
723 623 793 660 Sed
806 623 906 670 cujus
920 631 1113 660 tremerent
1131 623 1197 671 ipsi
1215 637 1360 672 quoque
1373 624 1457 672 jura
1475 626 1615 669 leones,

769 683 836 720 Cui
850 683 1013 719 diadema
1032 683 1134 719 daret
1151 695 1328 720 marmore
1347 685 1443 732 picta
1461 687 1607 721 Nomas.

721 744 754 778 Ο
764 750 938 789 quantum
955 754 1021 790 per
1035 743 1128 778 colla
1144 742 1252 778 decus
1262 769 1273 788 ,
1289 739 1396 791 <inem
1414 744 1544 791 sparsit
1556 744 1730 780 honorem

772 804 890 837 Aurea
908 802 1035 837 lunata
1049 813 1161 849 quum
1177 802 1275 838 stetit
1292 802 1418 839 umbra
1428 802 1545 850 jubae!

721 860 825 897 Unde
846 861 935 904 tuis,
954 860 1087 909 Libye,
1101 869 1172 897 tam
1193 862 1279 898 felix
1297 862 1410 911 glon'a
1427 862 1566 899 silvisP¹

573 956 741 1008 Nonne,
759 954 927 1008 amabo,
944 954 1265 1013 Dithyrambicis
1286 955 1459 999 flammis
1475 955 1784 999 incalescentem
1804 970 1877 997 va-

575 1029 657 1062 tem
684 1019 861 1073 diceres,
884 1034 1013 1078 quum
1038 1020 1126 1064 haec
1152 1019 1286 1076 canit?
1306 1035 1407 1063 num
1431 1020 1654 1073 Pindarus,

1010 1141 1019 1151 .
1034 1143 1043 1152 .
1059 1141 1068 1151 .
1084 1116 1158 1152 .cui
1171 1128 1270 1152 mens
1282 1115 1451 1161 divinior,
1464 1123 1572 1166 atque
1583 1127 1624 1153 os

719 1174 850 1220 Magna
863 1180 1073 1209 sonaturum
1084 1199 1094 1217 ,

574 1270 702 1327 magis
731 1269 901 1312 enituit?
926 1285 1022 1312 num
1056 1270 1099 1312 in
1133 1269 1273 1327 figuris
1304 1269 1515 1327 AEschylus
1548 1277 1620 1312 aut
1653 1267 1903 1334 Sophocles!

573 1334 779 1388 audacior,
802 1349 923 1392 quam
949 1349 1076 1393 quum
1102 1332 1169 1376 ille
1192 1335 1276 1377 ait:

718 1438 853 1472 Tantus
868 1435 905 1470 in
923 1435 1075 1472 Ausonia
1091 1435 1235 1472 fremuit
1251 1434 1360 1473 modo
1374 1442 1492 1473 terror
1507 1447 1614 1473 arena
1625 1461 1636 1478 ‚

573 1517 614 1549 et
636 1507 766 1550 infra:

817 1584 937 1616 Aurea
952 1580 1081 1617 lunata
1092 1606 1100 1614 .
1118 1608 1126 1615 .
1143 1607 1152 1615 .
1172 1580 1268 1616 stetit
1284 1578 1411 1616 umbra
1420 1578 1535 1627 juba!

572 1681 695 1737 Atqui
718 1677 808 1721 talis
821 1693 926 1737 saepe
945 1677 1125 1722 audaciae
1145 1693 1285 1721 versus
1308 1679 1351 1720 in
1373 1675 1581 1737 opusculis}
1602 1678 1741 1721 Nostri
1753 1676 1877 1721 levio-

571 1744 685 1787 ribus
708 1744 886 1801 reperire
912 1752 998 1795 est,
1019 1742 1089 1786 ubi
1116 1758 1153 1786 v.
1179 1758 1218 1801 g.
1245 1743 1298 1786 de
1318 1742 1527 1801 plausibus
1551 1751 1593 1786 et
1619 1741 1877 1786 acclamatio·

569 1809 688 1852 nibus
709 1823 800 1867 quae
822 1808 1047 1866 principem
1075 1808 1494 1866 circumstrepebant:

714 1909 924 1945 Sarmaticas
943 1909 1048 1945 etiam
1065 1917 1207 1956 gentes,
1225 1912 1426 1956 Isti-umque
1437 1935 1448 1953 ,
1464 1911 1643 1956 Getasque

765 1967 910 2004 Laetitiae
928 1968 1064 2003 clamor
1080 1968 1207 2003 terruit
1223 1967 1298 2014 ipse
1311 1979 1422 2002 novae.
1432 1975 1444 1990 ²

568 2078 609 2110 et
631 2068 671 2110 id
688 2068 740 2110 de
761 2067 905 2110 eodem
928 2068 1194 2125 imperatore:

713 2168 781 2204 uic
799 2168 895 2204 stetit
908 2168 1031 2204 Arctoi
1048 2168 1223 2204 formosus
1240 2168 1389 2215 pulvere
1409 2167 1540 2212 beni‚³
1626 2171 1646 2192 ⁶

565 2279 606 2312 et
623 2269 870 2327 apostrophe
890 2283 1032 2310 severa
1043 2267 1096 2310 ad
1114 2269 1241 2311 victas
1260 2269 1562 2310 Germanorum
1578 2276 1752 2318 turmas,
1773 2283 1875 2325 quas

566 2350 590 2377 a
614 2334 780 2376 flumine
807 2342 943 2376 arcet:

710 2433 878 2478 Barbare,
892 2446 964 2470 non
978 2433 1085 2470 debet
1094 2461 1104 2478 ‚
1123 2433 1288 2470 submoto
1301 2434 1380 2469 cive
1391 2459 1402 2477 ,
1419 2433 1580 2468 ministro

757 2492 942 2540 Captivam
959 2492 1084 2528 victrix
1097 2493 1192 2529 unda
1207 2493 1326 2529 levare
1340 2492 1443 2528 sitim.
1455 2492 1470 2519 ⁴

614 2604 645 2625 1.
662 2591 735 2623 Lib.
749 2591 849 2631 vm,
862 2590 964 2634 epigr.
977 2601 1030 2631 ιν,
1044 2601 1091 2623 vs.
1110 2590 1142 2624 ⁵.

613 2653 642 2673 π.
658 2638 741 2672 lbid.
757 2639 859 2682 epigr.
874 2650 920 2672 xi.

611 2689 643 2721 3.
659 2686 746 2720 lbid.
766 2687 866 2731 epigr.
879 2699 952 2727 ων,
963 2699 1007 2720 vn.
1025 2687 1057 2720 3.

611 2741 641 2775 4.
658 2736 729 2768 Lib.
743 2737 809 2776 xl,
820 2736 920 2780 epigr.
934 2748 1007 2768 xcvi
1019 2747 1080 2775 ‚vm
1098 2736 1115 2768 3
1131 2744 1163 2768 et
1176 2741 1207 2774 4.
