2447 3518
701 1915 883 1955 CAPENA
908 1912 1050 1969 grandi
1071 1885 1191 1968 ⁸porta
1213 1927 1293 1969 qua
1311 1912 1415 1970 pluit
1438 1922 1573 1970 gutta,

702 1977 963 2033 Phrygiaeque.
988 1977 1132 2018 Matris
1151 1976 1269 2018 Almo
1291 1992 1371 2035 qua
1393 1977 1502 2019 lavat
1522 1978 1672 2020 ferrum
1685 2012 1697 2031 ‚

620 2102 634 2115 ¹
648 2106 762 2138 Bassus
774 2130 783 2144 ,
809 2103 850 2136 ad
869 2115 966 2147 quem
988 2104 1090 2147 epigr.
1108 2115 1193 2137 tvm

573 2155 647 2186 infr.
663 2154 705 2186 de
720 2154 862 2186 Faustini
880 2154 953 2185 villa
975 2153 1194 2186 fructuosIssi-

571 2215 624 2235 ma
637 2227 646 2242 ,
661 2203 890 2238 sterilissimum
906 2201 1016 2234 villam
1034 2201 1173 2234 habehat
1183 2226 1193 2243 ,

571 2253 605 2284 in
625 2263 724 2296 quam
740 2264 814 2284 eum
830 2250 935 2295 pingit
949 2250 1107 2282 Martialis
1122 2262 1192 2283 om-

571 2302 625 2333 nia
643 2312 681 2332 ex
696 2301 787 2333 Urbe
807 2301 1035 2342 importantem
1046 2322 1055 2337 ,
1070 2311 1141 2342 quae
1157 2300 1192 2331 iu

571 2349 684 2382 urbem
701 2362 739 2381 ex
752 2349 836 2381 villis
854 2348 950 2390 vulgo
967 2347 1190 2392 deportantur.

570 2398 689 2429 Villam
724 2398 811 2430 Bassi
840 2397 1016 2440 villamque
1049 2397 1191 2429 Faustini

570 2454 751 2490 comparat,
764 2447 864 2489 epigr.
882 2456 979 2478 Lvm.
996 2445 1057 2477 En.

623 2510 648 2527 ι.
668 2494 786 2538 Capena
802 2494 921 2537 grandi.
939 2493 1031 2526 Ordo
1046 2502 1111 2527 est:
1127 2505 1189 2537 qua

567 2545 696 2588 Capena
707 2552 801 2587 porta
817 2543 915 2576 stillat
928 2542 1102 2586 grandibus
1116 2551 1188 2586 gut-

567 2594 616 2626 tis.
636 2594 698 2625 Eu.
715 2611 763 2617 —-
784 2592 914 2635 Capena.
934 2592 1006 2632 Qua
1030 2592 1098 2624 itur
1125 2594 1188 2625 Ca-

565 2653 662 2684 puam
687 2642 801 2673 urbem
821 2641 1004 2684 Campania
1029 2641 1187 2673 nobilissi-

562 2702 646 2723 mam
660 2715 669 2729 ,
690 2690 808 2733 Capoue
819 2702 831 2722 .·
848 2688 959 2727 eadem
974 2689 1060 2722 dicta
1081 2690 1185 2722 Forni-

1250 2105 1326 2136 nalis
1343 2113 1476 2149 propter
1496 2105 1724 2148 aquaeductum
1745 2106 1790 2141 de
1810 2121 1879 2153 quo

1248 2153 1332 2186 infra
1360 2155 1550 2197 loquemur,
1578 2155 1628 2186 vel
1652 2156 1874 2199 Triumphalis,

1247 2203 1298 2234 vel
1316 2203 1435 2246 Appia,
1456 2204 1496 2235 ab
1513 2204 1620 2246 Appio
1646 2204 1793 2238 censore
1819 2209 1877 2251 qui

1223 2273 1225 2275 -
1247 2251 1331 2282 viam
1357 2252 1494 2296 Appiam
1513 2253 1664 2285 munivit.
1687 2253 1799 2287 Hodie
1824 2256 1878 2288 di-

1245 2299 1331 2331 citur
1344 2299 1447 2332 Sancti
1462 2300 1637 2333 sebastiani.
1652 2302 1730 2333 Erat
1747 2304 1781 2334 in
1806 2305 1877 2347 pri·

1245 2360 1296 2380 ma
1308 2349 1440 2392 regione
1453 2350 1718 2383 Urbis—Plau.
1731 2352 1877 2396 Propter

1245 2397 1468 2440 aquaeductum
1482 2422 1491 2437 ‚
1509 2410 1574 2442 quo
1594 2411 1691 2442 super
1707 2411 1778 2432 eam
1799 2413 1876 2445 por-

1247 2453 1312 2478 tam
1331 2459 1412 2491 aqua
1432 2447 1464 2478 in
1485 2448 1609 2479 Urbem
1625 2448 1756 2481 fluebat.
1770 2450 1790 2481 J
1794 2461 1875 2483 uve·

1243 2496 1324 2527 nalis
1338 2504 1394 2528 sat.
1415 2496 1463 2527 111
1476 2507 1484 2527 :
1499 2510 1511 2522 ι
1527 2496 1677 2528 Substitit
1691 2497 1732 2529 ad
1745 2507 1874 2532 veteres

1243 2556 1355 2583 arcus,
1376 2543 1604 2588 madidamque
1624 2546 1799 2588 Capenam.
1827 2564 1842 2577 .

1292 2607 1322 2626 2.
1341 2595 1562 2637 Phrygiumque
1577 2597 1675 2625 matris
1693 2596 1772 2627 almo
1792 2595 1869 2629 Ald.

1241 2642 1331 2674 Junt.
1352 2642 1458 2675 Colin.
1473 2642 1602 2686 Gryph.
1624 2650 1684 2675 etc.
1706 2651 1737 2675 et
1763 2644 1811 2677 sic
1831 2646 1869 2677 in

1239 2690 1311 2723 cod.
1340 2691 1437 2723 Palat.
1463 2692 1549 2723 atmae
1573 2691 1764 2724 Beverlandi
1792 2693 1864 2725 MS.
