2447 3518
641 431 1184 497 EP'mRAMMA‘rUM
1218 454 1336 495 Lm.
1370 454 1448 495 1v.

1605 454 1694 510 447

947 597 1155 651 LVIII.

899 742 950 770 IN
985 742 1203 771 GALLAM.

466 860 517 901 In
538 856 713 900 tenebris
730 856 844 916 luges
862 857 1074 911 amissum,
1096 856 1238 911 Galla,
1255 856 1445 899 maritum
1464 874 1474 898 :

529 924 636 966 Nam
661 921 822 980 plorare
845 922 972 981 pudet
993 931 1054 974 te,
1073 931 1196 981 puto,
1213 921 1354 977 Galla,
1369 924 1512 965 virum.

456 1063 486 1084 ι.
497 1051 535 1083 In
548 1050 688 1089 tenebris,
709 1058 770 1083 etc.
786 1050 880 1083 Galla
896 1050 1026 1082 vivente

401 1100 474 1133 viro
490 1107 555 1132 tam
575 1098 740 1143 impudica
756 1099 880 1141 fuerat,
894 1107 933 1132 ut
949 1110 1025 1131 eum

401 1155 571 1181 mortuum
601 1148 708 1192 palam
743 1147 867 1181 deflere
908 1148 1026 1180 merito

402 1198 491 1230 illam
519 1195 684 1241 puderet;
711 1197 763 1229 vel
792 1196 911 1237 flebat,
936 1195 1026 1240 quod

352 1247 355 1250 ⁴
402 1244 493 1279 illam
514 1254 629 1290 utpote
644 1246 797 1278 infamem
810 1252 942 1277 mortuo
958 1257 1026 1278 ma-

401 1295 468 1328 rito
483 1306 619 1327 uxorem
634 1295 745 1327 nullus
759 1302 840 1327 esset
855 1293 1024 1329 ducturus.

402 1361 452 1370 -—
463 1344 579 1376 Fateor
594 1351 704 1376 tamen
717 1343 817 1376 alium
832 1342 913 1375 mihi
926 1343 1027 1387 magis

401 1390 529 1437 placere
549 1403 680 1425 sensum
700 1402 710 1424 ε
727 1392 850 1425 scilicet
875 1403 935 1435 per
960 1393 1027 1425 iro-

402 1441 491 1474 niam
505 1440 632 1474 Gallam
648 1441 694 1474 ait
707 1441 806 1474 Poeta
819 1440 943 1485 pudere
957 1441 1028 1484 plo-

402 1501 475 1523 rare
491 1490 618 1530 virum,
635 1490 726 1534 quasi
744 1490 808 1522 hoc
824 1489 866 1522 sit
888 1489 1027 1523 imbellis

403 1539 504 1571 animi
521 1547 553 1571 et
564 1549 642 1571 vere
657 1539 825 1571 muliebris
838 1563 849 1578 ,
863 1546 901 1570 ut
914 1539 1029 1571 innuat

403 1599 473 1620 eam
499 1588 648 1620 tenebras
669 1586 745 1620 ideo
763 1594 894 1620 tantum
914 1587 1028 1620 sectari

403 1635 493 1680 quod
510 1648 576 1669 nou
590 1637 700 1680 ploret
712 1659 724 1673 ,
743 1635 803 1669 sed
818 1643 932 1669 contra
944 1637 1029 1669 sorte

403 1685 660 1718 consolationem
674 1684 840 1724 admittat,
852 1693 892 1717 ut
907 1692 1029 1718 matro-

404 1746 447 1767 na
464 1734 517 1767 illa
530 1734 669 1778 Ephesia
680 1734 837 1767 Petronii.
846 1733 934 1767 Vide
944 1734 1029 1767 infra

403 1783 504 1815 finem
534 1791 620 1816 ηοω
642 1783 785 1816 alterius.
811 1782 876 1815 En.
902 1802 951 1809 —-
972 1783 1030 1815 Te·-

404 1831 511 1865 nebn’s,
539 1832 675 1876 Signum
707 1831 848 1871 doloris,
882 1830 1031 1864 solitudi-

404 1891 480 1912 nem
499 1888 628 1925 captare
653 1887 686 1913 et
709 1880 885 1914 silentium.
909 1880 1032 1913 Seneca

405 1928 447 1961 ad
465 1929 621 1962 Marciam
635 1953 644 1968 ‚
663 1940 733 1973 cap.
759 1941 773 1961 1
784 1941 798 1961 1
810 1953 820 1967 ,
836 1928 878 1961 de
896 1929 1032 1961 Octavia

404 1978 535 2022 lugente
553 1978 745 2011 Marcellum
759 1989 767 2011 :
790 1994 804 2007 ι
821 1978 982 2011 Tenebris
999 1985 1033 2010 et

1077 1048 1247 1083 solitudini
1274 1049 1535 1084 familiarissima.
1553 1066 1569 1080 ι
1595 1050 1700 1086 Taciti

1078 1099 1193 1132 Annal.
1211 1099 1260 1130 lv
1278 1109 1287 1132 ε
1311 1115 1325 1127 ι
1343 1099 1412 1131 Vix
1439 1099 1702 1144 propinquorum

1079 1147 1219 1191 alloquia
1228 1171 1238 1188 ,
1250 1147 1304 1180 vix
1316 1146 1405 1180 diem
1418 1146 1540 1193 adapici
1556 1160 1574 1181 a
1588 1150 1703 1193 pleris-

1078 1208 1142 1240 que
1158 1196 1350 1240 lugentium.
1368 1212 1383 1225 ι

1130 1257 1162 1277 a.
1180 1245 1250 1277 Jam
1267 1246 1387 1288 plorare
1398 1245 1491 1289 pudet
1510 1246 1703 1280 Beverlandi

1078 1293 1151 1326 MS.
1178 1294 1251 1327 Non
1271 1294 1391 1338 plor-are
1414 1295 1508 1338 pudet
1534 1295 1703 1329 Gruterus.

1079 1343 1160 1376 Num
1183 1342 1304 1385 plorare
1325 1343 1420 1387 pudet
1442 1343 1478 1376 in
1504 1343 1703 1378 editionibus

1078 1399 1158 1425 vett,
1177 1391 1258 1423 Nam
1270 1392 1389 1435 plorare
1404 1392 1497 1436 pudet
1514 1392 1610 1426 codd.
1625 1394 1703 1426 Pul-

1080 1440 1193 1473 manui
1213 1448 1246 1472 et
1260 1441 1423 1474 scriverii.
1442 1441 1528 1475 Vide
1543 1454 1612 1475 var.
1633 1451 1703 1476 not.

1079 1507 1129 1514 —
1147 1489 1227 1522 Nam
1250 1490 1369 1532 plorum
1393 1490 1495 1534 pudet.
1524 1491 1598 1524 Lib.
1625 1503 1704 1524 vero

1081 1539 1115 1578 1,
1133 1538 1238 1582 epigr.
1259 1550 1358 1571 xxxxv
1369 1561 1380 1578 ,
1396 1546 1533 1572 secretas
1545 1541 1704 1585 lacrymas

1082 1585 1192 1619 laudat
1216 1594 1327 1619 noster
1347 1595 1445 1631 poeta
1467 1599 1476 1620 ε
1504 1605 1519 1618 ι
1540 1588 1601 1621 lue
1617 1588 1706 1622 dolet

1081 1647 1176 1676 vere,
1191 1636 1248 1679 qui
1261 1635 1330 1668 sine
1346 1643 1426 1669 teste
1441 1635 1541 1669 dolet.
1555 1652 1569 1666 ι
1585 1637 1706 1670 Sensus

1082 1682 1203 1728 pendet
1225 1695 1265 1717 ex
1283 1683 1471 1718 discrimine
1484 1697 1601 1718 vocum
1615 1689 1705 1718 mari-

1085 1741 1144 1765 tum
1166 1740 1200 1765 et
1228 1736 1336 1766 virum.
1354 1733 1446 1767 Galla
1469 1733 1627 1773 deflebat,
1648 1743 1706 1768 aut

1084 1782 1255 1815 simulabat
1271 1781 1393 1814 deflere
1406 1783 1576 1822 maritum,
1589 1792 1622 1817 at
1636 1796 1705 1817 nou

1084 1831 1210 1871 vii-unu
1237 1842 1309 1874 qum
1331 1843 1451 1875 nempe
1478 1833 1708 1866 consuescebat

1084 1891 1158 1912 cum
1167 1879 1276 1912 multis
1286 1879 1356 1912 aliis
1367 1891 1442 1920 ,nec
1449 1882 1593 1914 merebat
1604 1881 1704 1914 unius

1084 1929 1170 1961 inter
1183 1928 1303 1961 multos
1319 1929 1519 1962 concubinos
1537 1930 1706 1962 interitum

1085 1976 1207 2010 dolere.
1222 1977 1285 2009 Eu.

976 2112 1129 2167 LIX.

643 2255 706 2286 ΒΕ
738 2258 924 2286 vunnu
957 2256 1180 2286 num-no
1213 2238 1475 2286 manus

471 2376 713 2417 memns
735 2372 947 2416 Heliadum
971 2374 1091 2416 ramis
1113 2373 1211 2416 dum
1233 2374 1371 2432 vipera
1393 2374 1541 2432 serpit,

456 2495 472 2511 ¹
483 2501 541 2533 Est
567 2501 632 2533 hoc
661 2503 857 2545 epigramma
886 2498 1031 2543 ejusdem

409 2551 591 2593 argumenti
608 2560 705 2593 quam
723 2549 824 2593 epigr.
846 2559 940 2582 xxxn
958 2560 1031 2592 sup.

409 2606 443 2631 et
459 2598 516 2631 lib.
536 2599 605 2638 vl,
619 2599 721 2642 epigr.
739 2609 793 2630 xv.
814 2598 873 2631 Est
890 2598 976 2631 enim
990 2596 1033 2629 de

409 2647 538 2691 vipera,
557 2658 629 2691 qua
644 2647 764 2680 electro
785 2646 908 2681 inclusa
926 2646 1032 2691 pellu-

411 2695 486 2729 cido
504 2694 683 2729 videbatur.
703 2696 766 2728 En.

1139 2511 1153 2532 1
1161 2524 1169 2532 .
1178 2500 1316 2532 Pulmau
1338 2501 1438 2544 Laug.
1447 2501 1469 2533 J
1472 2501 1568 2533 uuian
1575 2502 1707 2547 Delph.

1086 2556 1148 2581 etc.
1173 2549 1242 2580 dum
1274 2551 1377 2592 vipera
1404 2553 1519 2593 see-piu
1550 2550 1709 2584 Gruterus

1085 2598 1217 2641 praefert
1232 2598 1300 2629 dum
1318 2601 1422 2642 vt'pem
1442 2600 1527 2640 repit.
1545 2618 1594 2625 —-
1614 2600 1707 2631 Flen-

1087 2645 1162 2677 tibus
1179 2647 1358 2685 Heliadum,
1377 2654 1438 2680 etc.
1456 2649 1542 2679 Dum
1559 2658 1577 2679 e
1594 2649 1709 2692 populi

1086 2694 1184 2726 ramis
1201 2695 1342 2728 viscosus
1355 2695 1475 2728 humor
1491 2694 1624 2736 defluit,
1646 2709 1710 2730 ser·
