2447 3518
683 431 1227 475 EPIGRAMMATUM
1259 432 1379 474 LIB.
1414 433 1494 474 IV.

1646 432 1737 485 463

495 514 573 556 Dic
600 513 670 555 ubi
696 514 748 556 sit
773 513 930 564 decies,
952 521 1083 555 mater
1109 512 1220 571 quod
1243 526 1365 554 avara
1392 511 1580 570 reliquit?

557 580 770 636 Nusquam
792 587 853 621 est
871 594 879 619 x
900 579 1028 621 fecisti
1049 593 1158 630 rem,
1180 578 1282 620 Line
1295 610 1306 631 ‚
1328 576 1549 620 difficilem.

482 719 535 752 17.
558 709 619 741 Dic
639 708 711 747 ubi,
732 716 792 741 etc.
811 708 925 749 Quum
946 708 1058 751 itaque

431 757 599 802 frugaliter
622 757 760 796 vixeris,
783 757 923 796 vestitu,
946 757 1056 796 victu,

431 807 610 839 ministerio
633 814 664 838 et
696 817 836 845 vene-reg
866 817 967 849 quum
995 817 1057 837 nec

432 856 521 898 igni,
551 866 610 887 nec
643 854 713 887 caeli
745 853 972 894 inclementia,
997 865 1060 887 nec

431 904 599 947 naufragio
612 915 718 946 neque
733 905 798 935 alea
810 905 967 947 jacturam
981 903 1061 935 fece-

431 954 494 988 ris.
512 952 658 985 demiror
673 951 839 995 quomodo
854 951 970 984 eodem
986 952 1061 984 vitm

430 1002 538 1039 cultu,
554 1013 620 1045 quo
637 1001 718 1033 alius
731 1001 804 1045 quis
821 1013 839 1033 e
857 1012 997 1045 paupere
1010 1000 1061 1032 di-

433 1061 489 1083 ves
512 1050 582 1082 fieri
608 1058 757 1093 poterat,
780 1057 815 1083 tu
836 1062 873 1082 ex
899 1049 1060 1083 ditissimo

374 1128 379 1132 .
432 1099 533 1131 factus
550 1099 593 1131 sis
611 1099 848 1142 pauperrimus.
868 1117 917 1125 --
946 1098 1005 1130 Ubi
1021 1101 1061 1130 sit

431 1148 536 1181 decies.
552 1148 629 1180 Post
645 1146 797 1180 adverbia
816 1148 926 1186 decies,
943 1150 1057 1187 tricies,

432 1204 494 1229 etc.
511 1196 655 1239 intelligo
667 1208 795 1240 semper
808 1205 943 1230 centena
960 1197 1060 1228 millia

432 1253 623 1278 sestertium.

1164 709 1218 741 18.
1236 707 1347 739 Fecisti
1364 719 1423 738 rem
1437 731 1446 744 ,
1465 707 1541 738 Line
1552 731 1561 744 ,
1576 705 1738 749 dffcilem.

1111 755 1212 788 Ludit
1230 755 1265 787 in
1289 755 1504 800 ambignitate
1532 755 1623 788 verbi
1655 755 1742 788 Mar-

1113 804 1196 842 tialis
1211 804 1303 848 qnasi
1315 803 1427 837 dicens
1443 815 1451 835 τ
1467 803 1546 837 dum
1566 815 1635 836 rem
1650 811 1738 836 tuam

1106 854 1286 895 familiarem
1307 853 1408 886 fecisti
1425 852 1611 892 difficilem,
1628 852 1662 884 id
1675 861 1741 892 est,

1108 915 1266 953 pauper-gne
1283 899 1295 940 (
1308 900 1583 946 quemadmodum
1600 913 1678 946 opes
1690 901 1741 933 di-

1115 945 1448 992 cuntur-saeuientes).
1466 962 1535 982 rem
1551 950 1655 983 fecisti
1677 950 1740 983 dif-

1114 1001 1233 1032 ficilem
1245 1000 1296 1038 ,in
1307 1011 1369 1043 qua
1378 998 1587 1042 excogitanda
1600 1000 1740 1031 multum

1114 1049 1174 1081 tibi
1203 1049 1267 1081 fuit
1297 1048 1513 1082 laborandum
1531 1060 1541 1081 x
1576 1047 1743 1081 difficilius

1114 1098 1200 1130 enirn
1225 1106 1293 1131 erat
1314 1098 1552 1141 patrimonium
1573 1105 1665 1129 tuum
1685 1109 1740 1130 ex·

1113 1146 1246 1179 haurire
1258 1158 1355 1190 quam
1373 1158 1500 1180 servare
1515 1159 1525 1187 ;
1546 1158 1647 1190 quum
1661 1147 1740 1178 sim-

1114 1195 1190 1239 plici
1208 1204 1241 1228 et
1262 1194 1440 1228 admodum
1461 1208 1560 1239 parco
1587 1195 1661 1228 vitoe
1684 1208 1740 1239 ge·

1114 1256 1193 1277 nere
1207 1245 1322 1277 hauteu
1328 1256 1365 1277 us
1381 1256 1458 1277 usus
1477 1244 1588 1277 fueris.
1600 1245 1662 1277 En.

896 1389 899 1393 ’
967 1378 1213 1433 LXVII.

885 1523 935 1550 nv
966 1504 1289 1552 pnmonfflf

502 1640 751 1681 Pan-:Toum
779 1651 934 1694 pauper
960 1645 1123 1679 centum
1149 1638 1330 1680 sestertia
1350 1640 1514 1681 Gaurus

565 1703 723 1745 Orabat
744 1717 845 1744 cana
866 1711 985 1745 notus
1007 1703 1181 1745 amicitia
1198 1719 1210 1755 ;

486 1831 499 1846 ³
516 1836 648 1876 Quibus
667 1846 783 1878 parum
807 1834 919 1867 deerat
944 1834 985 1867 ad
1011 1846 1064 1867 ex·

437 1884 594 1929 plendnm
622 1895 754 1917 censum
782 1890 979 1927 equestrem,
1002 1884 1025 1915 ii
1045 1895 1062 1916 ι

437 1933 612 1966 ditioribus
638 1933 749 1965 amicis
777 1933 947 1976 petebant,
975 1931 1063 1964 unde

437 1983 615 2027 explerent.
636 1982 719 2014 Plin.
747 1982 804 2014 lib.
825 1982 862 2021 1,
884 1981 978 2025 epist.
1006 1991 1062 2023 19.

436 2031 568 2064 Indncit
585 2031 685 2074 igitur
700 2039 874 2074 praetorem
890 2029 1065 2074 quemdam

438 2081 573 2119 Noster,
585 2081 642 2123 qui
656 2088 785 2112 eentum
797 2080 939 2112 sestertia
951 2079 1065 2112 Gauro

439 2130 543 2162 amico
559 2128 600 2161 ad
622 2127 706 2161 hanc
720 2140 848 2161 causam
867 2128 992 2172 petenti
1007 2140 1064 2159 ne-

439 2186 517 2222 gat,
540 2178 615 2222 quia
640 2179 754 2221 ingens
782 2189 903 2210 munus
930 2177 1065 2210 daturus

438 2235 521 2271 esset
529 2226 658 2260 duobus
669 2238 830 2270 equorum
840 2226 1047 2270 agitatoribus
1054 2251 1064 2265 ‚

439 2272 527 2308 msde
558 2276 611 2308 isti
641 2276 703 2308 sibi
738 2283 875 2308 statuam
906 2283 1065 2319 ponerent

439 2333 625 2369 equestrem
642 2336 652 2363 ;
683 2323 937 2368 indignaturque
965 2325 1064 2357 Poeta

439 2385 525 2418 equo
542 2385 630 2407 oeneo
650 2373 759 2417 potius
777 2384 875 2416 quam
896 2374 998 2416 equiti
1016 2374 1064 2405 vi-

438 2434 483 2454 vo
503 2423 673 2465 pecuniam
690 2434 780 2454 suam
798 2422 906 2464 largiri
922 2423 1063 2454 amicum

440 2472 533 2503 illum
546 2472 772 2503 inhumanum.
784 2471 861 2503 Vid.
871 2471 927 2502 lib.
942 2471 984 2508 V,
998 2472 1066 2514 epi-

439 2532 575 2564 gramm.
588 2532 661 2552 xxv.
672 2521 735 2552 En.
747 2538 796 2544 —
808 2521 979 2551 Praetorem.
993 2520 1065 2552 Hoc

441 2569 522 2601 mihi
532 2569 661 2601 videtur
671 2581 792 2601 nomeu
805 2569 986 2612 proprium.
1001 2569 1062 2602 En.

441 2619 506 2650 Alii
519 2626 626 2651 tamen
635 2619 822 2661 intelligunt
833 2618 1066 2661 magistratum.

444 2667 557 2707 Quum
575 2668 722 2700 consuler
739 2678 825 2710 soepe
843 2666 883 2698 ab
905 2667 995 2699 Urbe
1012 2668 1068 2698 ab·

1115 1846 1184 1868 ease
1199 1836 1321 1875 coacti,
1343 1848 1410 1868 non
1433 1846 1565 1881 possent
1584 1840 1637 1882 juo
1657 1851 1743 1873 sem-

1115 1895 1175 1928 per
1199 1884 1308 1917 dicere
1332 1885 1479 1926 civibus,
1506 1895 1629 1931 praetor
1658 1901 1743 1923 unns

1116 1941 1241 1966 creatus
1264 1941 1312 1966 est
1335 1946 1423 1966 mino
1447 1936 1488 1967 ab
1507 1937 1590 1969 urbe
1611 1938 1743 1972 condita

1119 1982 1188 2025 387
1199 2007 1208 2023 ,
1227 1984 1283 2026 qui
1301 1983 1505 2027 litigantibus
1518 1986 1601 2029 juris
1616 1987 1743 2020 formu-

1117 2031 1163 2063 las
1180 2030 1270 2064 daret
1283 2055 1292 2072 ,
1309 2040 1342 2064 et
1363 2032 1446 2076 juris
1461 2035 1656 2078 quaestione,
1675 2048 1742 2069 non

1119 2088 1226 2112 autem
1245 2081 1320 2114 facti
1331 2105 1341 2120 ,
1360 2081 1617 2125 dijudicata,eos
1632 2096 1743 2119 eornm

1116 2128 1281 2172 judicibus
1305 2129 1460 2173 pedaneis
1480 2133 1679 2172 remitterem
1695 2135 1743 2167 sic

1118 2177 1203 2210 illud
1232 2190 1352 2212 munus
1376 2181 1507 2220 obibat,
1536 2182 1625 2226 quod
1652 2195 1743 2216 nunc

1117 2226 1205 2270 apud
1217 2228 1339 2271 Anglos
1352 2253 1361 2268 ,
1377 2229 1404 2260 Ie
1418 2230 1580 2262 cleancelier
1590 2231 1627 2262 de
1643 2233 1745 2264 l'e'clu'·

1117 2279 1207 2320 quiet.
1224 2278 1322 2309 Anno
1336 2286 1445 2310 autem
1458 2279 1497 2310 ab
1513 2281 1596 2312 urbe
1609 2280 1742 2313 condita

1119 2329 1208 2364 510,
1234 2326 1315 2358 alter
1348 2335 1469 2369 praetor
1501 2327 1653 2368 additus,
1687 2331 1743 2373 qui

1118 2375 1298 2418 peregrinis
1309 2377 1362 2418 jus
1376 2374 1512 2409 diceret.
1524 2378 1637 2411 Crevit
1650 2378 1743 2412 dein-

1118 2422 1161 2456 de
1187 2432 1363 2467 praetorum
1392 2436 1549 2457 numerus
1575 2439 1678 2471 usque
1701 2426 1744 2460 ad

1125 2476 1191 2512 143
1210 2484 1273 2505 nec
1299 2485 1412 2505 eorum
1429 2486 1549 2507 munus
1568 2475 1655 2509 idem
1676 2488 1746 2509 om·

1120 2522 1200 2554 nino
1216 2524 1405 2566 permansit.
1425 2524 1486 2555 En.

1173 2582 1204 2602 a.
1228 2572 1347 2602 orabat
1365 2584 1435 2604 car-a
1457 2573 1490 2604 in
1512 2573 1587 2606 edd.
1611 2582 1689 2607 vett.
1710 2584 1748 2607 ut

1122 2618 1179 2650 lib.
1199 2620 1235 2659 1,
1254 2621 1353 2664 epigr.
1373 2633 1465 2661 xxv13
1485 2630 1555 2653 nom
1574 2635 1659 2653 rarus
1674 2626 1748 2654 ami-

1123 2670 1194 2699 citia
1209 2668 1243 2699 in
1258 2669 1451 2702 Beverlandi
1465 2671 1536 2703 MS.
1554 2691 1603 2698 --
1622 2672 1749 2705 Orabat.
