2447 3518
569 1915 622 1948 :nin
640 1915 765 1949 seilicet
780 1914 822 1947 nd
841 1915 877 1948 id
895 1915 1062 1958 pravitati·
1075 1915 1194 1958 lapsis,

571 1971 607 1995 ut
622 1963 718 1996 bonis
735 1963 858 1996 artibus
874 1963 984 1996 nullus
996 1963 1038 1996 sit
1054 1963 1090 1994 in
1103 1963 1196 1996 Urbe

569 2011 670 2044 locus.
685 2012 749 2043 En.

622 2073 653 2093 2.
673 2061 770 2101 Refer.
791 2060 875 2092 Mihi
889 2059 1059 2104 responde.

620 2109 651 2141 3.
672 2110 873 2141 Pulmannus
896 2110 1058 2142 ἀίσσει-τῖον.
1075 2110 1195 2141 Bever-

569 2157 659 2191 laudi
677 2158 747 2190 MS.
766 2158 911 2191 disertior.

622 2211 653 2246 4.
673 2208 708 2239 In
722 2208 833 2250 triplici
840 2209 923 2249 fivro,
938 2208 1043 2238 Vetus
1057 2218 1114 2238 seu
1128 2208 1194 2238 no-

571 2268 701 2289 manum
720 2267 845 2295 unum,
862 2257 1000 2289 alterum
1019 2257 1039 2287 J
1043 2256 1102 2287 ulii
1124 2256 1194 2288 Cae-

568 2306 647 2338 saris
658 2328 669 2345 ,
696 2306 830 2338 tertium
858 2305 998 2349 Augusti
1024 2305 1169 2347 intellige
1185 2316 1193 2336 :

569 2355 612 2387 de
631 2354 750 2398 quihus
767 2354 897 2398 copiose
914 2352 1098 2387 Alexander
1111 2353 1194 2385 Nea-

568 2403 752 2448 politanus,
775 2404 833 2437 lib.
854 2406 907 2444 11,
931 2415 1000 2448 cap.
1028 2415 1080 2435 ια.
1106 2402 1194 2435 Vide

570 2464 643 2497 quie
655 2452 881 2485 adnotavimus
890 2453 946 2484 lib.
960 2454 975 2484 1
983 2477 993 2492 ‚
1002 2453 1191 2496 epigramm.

570 2513 684 2534 Lxxvu
700 2523 710 2539 ‚
726 2513 757 2533 v.
781 2513 793 2533 ι
804 2513 836 2533 2.
852 2503 892 2533 Iu
907 2502 1011 2534 tribus
1027 2501 1106 2533 foris
1124 2512 1193 2544 nge-

567 2551 686 2583 hantur
704 2562 818 2583 causae.
839 2550 926 2583 Vide
944 2551 1001 2583 lib.
1019 2550 1101 2589 vn,
1123 2550 1191 2593 epi-

566 2611 703 2642 gramm.
723 2612 797 2638 va,
815 2611 844 2632 v.
871 2611 901 2632 α.

618 2648 648 2681 5.
667 2649 731 2680 Pro
748 2648 839 2680 Calas
851 2649 943 2680 multi
960 2649 1073 2691 legunt
1089 2647 1169 2679 Civis
1180 2672 1187 2684 ,

567 2709 626 2740 pro
638 2698 772 2730 nomine
783 2698 938 2740 proprio;
955 2696 1041 2740 quod
1058 2704 1088 2727 et
1103 2697 1191 2729 Gru-

1254 1852 1337 1893 51⁴⁴-ssss
1347 1842 1720 1896 ,marn-m
1779 1890 1791 1901 ‚
1804 1852 1821 1883 ·.
1846 1884 1860 1896 .,

1249 1915 1442 1958 sup-epigr,
1456 1927 1517 1949 xxx
1529 1940 1539 1954 ‚
1554 1927 1586 1948 ν.
1605 1915 1623 1948 3
1638 1927 1649 1954 ;
1666 1923 1701 1949 et
1715 1917 1777 1948 lih.
1793 1918 1877 1956 ΙΙΙ,

1248 1964 1351 2007 epigr.
1368 1975 1459 1996 xxxn
1471 1987 1479 2000 ,
1498 1976 1531 1994 v.
1555 1963 1587 1996 3.

1298 2015 1331 2044 6.
1352 2013 1391 2043 In
1409 2012 1484 2045 edd.
1504 2020 1581 2044 vett.
1600 2010 1673 2044 Ald.
1691 2012 1784 2045 Junt.
1804 2014 1876 2046 Col.

1248 2061 1377 2104 Gryph.
1411 2069 1472 2092 tota
1495 2062 1580 2102 fuit,·
1601 2059 1690 2104 quod
1718 2061 1752 2093 in
1784 2062 1805 2093 J
1808 2071 1877 2095 unt.

1247 2118 1356 2142 nostra
1381 2118 1562 2142 correctum
1584 2118 1632 2142 est
1653 2117 1716 2141 tuta
1729 2111 1816 2151 suit,
1845 2120 1877 2144 et

1248 2159 1289 2191 ab
1303 2159 1364 2190 alia
1380 2171 1479 2191 manu
1499 2158 1533 2191 in
1549 2158 1693 2202 margine
1706 2184 1714 2196 ,
1735 2168 1828 2193 certa.

1298 2219 1331 2249 7.
1343 2207 1378 2240 Si
1384 2208 1469 2245 nihil,
1480 2215 1542 2240 ete.
1553 2207 1739 2251 Respondet
1748 2209 1875 2242 Sextus.

1295 2270 1327 2298 9.
1341 2256 1467 2288 Iasonis.
1480 2257 1590 2289 Refert
1602 2257 1759 2290 Martialis
1774 2269 1783 2290 ε
1796 2258 1877 2290 Om-

1247 2317 1304 2338 nes
1330 2305 1409 2337 istos
1427 2318 1508 2349 quos
1533 2305 1643 2337 videre
1668 2314 1716 2338 est
1738 2307 1878 2339 lacernis

1246 2355 1331 2386 tritis
1347 2377 1356 2393 ‚
1381 2362 1413 2386 et
1447 2355 1487 2386 ab
1518 2354 1607 2386 omni
1641 2362 1733 2398 parte
1775 2356 1877 2399 frigus

1246 2402 1489 2435 admittentibus
1501 2427 1509 2443 ‚
1518 2403 1722 2443 horridulus,
1736 2404 1877 2437 totidem

1245 2460 1339 2491 sunt,
1358 2460 1413 2484 aut
1442 2452 1579 2484 totidem
1606 2464 1639 2484 se.
1666 2461 1782 2496 putant
1809 2466 1878 2486 esse

1246 2501 1390 2533 Nasones
1409 2501 1626 2544 Maronesque
1642 2526 1651 2541 ,
1680 2513 1740 2534 nec
1766 2510 1876 2535 tamen

1245 2561 1314 2582 rem
1322 2550 1510 2582 familiarem
1518 2562 1666 2593 magnam
1675 2551 1875 2584 iaciuntEn.

1298 2611 1349 2631 10.
1359 2599 1435 2630 Sunt
1444 2599 1497 2631 tibi
1505 2598 1555 2631 ed.
1565 2600 1735 2642 antiquiss.
1747 2600 1874 2632 Ferrar.

1245 2660 1319 2679 ann.
1341 2652 1448 2691 14713
1469 2647 1539 2680 Ald.
1568 2648 1672 2687 1501;
1693 2649 1785 2680 Junt.
1811 2650 1874 2681 Co·

1245 2698 1303 2729 lin.
1315 2696 1386 2729 Ald.
1407 2698 1516 2735 1550;
1532 2698 1659 2741 Gryph.
1671 2705 1730 2729 otc.
1747 2698 1826 2730 Sunt
1836 2699 1877 2729 ihi
