2447 3518
1069 621 1175 687 ΑΒ

707 792 1552 877 LECTORES.

680 1060 762 1100 Ex,
794 1059 1101 1101 EDITIONE
1133 1060 1226 1100 ΤΗ.
1267 1059 1568 1101 FARNABII.

475 1244 809 1317 Passmuun
839 1274 1030 1326 Paulum,
1053 1273 1307 1331 splendidum
1332 1276 1507 1330 equitem
1527 1275 1755 1316 Romanum
1769 1307 1780 1322 ‚

474 1337 624 1396 Elegos
659 1353 760 1395 quos
787 1338 943 1380 erudite
970 1340 1186 1397 scripserat
1215 1339 1501 1391 recitaturum,
1524 1348 1645 1397 atque
1676 1340 1778 1381 inci-

475 1403 655 1460 pientem
687 1402 820 1445 dicere
845 1406 989 1446 Prisce
1006 1403 1155 1460 jubes,
1182 1403 1401 1445 Jabolenus
1428 1403 1591 1461 quidam
1621 1405 1781 1446 Priscus

475 1468 547 1525 qui
567 1467 729 1521 aderat,
751 1466 878 1510 Paulo
903 1468 1065 1526 quidem
1090 1470 1260 1520 amicus,
1280 1469 1349 1510 sed
1373 1470 1456 1525 ipse
1479 1468 1610 1510 dubiae
1632 1470 1780 1512 sanita-

476 1533 550 1586 tis,
573 1531 861 1590 interpellavit;
881 1535 978 1591 Ego
995 1547 1116 1585 vero,
1139 1535 1344 1590 inquiens,
1363 1548 1447 1576 non
1455 1533 1599 1588 jubeo.
1621 1534 1780 1576 Oborto

475 1597 729 1639 audientium
756 1599 863 1647 risu,
889 1613 972 1640 non
1000 1597 1168 1640 dubium
1196 1607 1259 1639 est
1284 1599 1382 1655 quin
1403 1596 1529 1639 Paulo
1557 1598 1685 1641 aliena
1713 1598 1779 1639 de-

476 1661 612 1705 liratio
643 1661 891 1720 aliquantum
931 1663 1090 1720 frigoris
1122 1662 1326 1704 attuierit:
1361 1671 1481 1719 atque
1518 1663 1611 1705 hinc
1646 1672 1784 1704 monet

478 1726 653 1780 Plinius,
676 1728 970 1785 providendum
996 1743 1081 1770 esse
1103 1738 1186 1770 tam
1215 1727 1380 1770 sollicite
1407 1727 1671 1779 recitaturis,¹
1697 1742 1779 1769 non

478 1791 613 1835 solum
637 1801 683 1835 ut
702 1794 784 1835 sint
802 1793 878 1851 ipsi
901 1795 1008 1843 sani,
1028 1808 1172 1834 verum
1196 1794 1315 1835 etiam
1340 1801 1385 1833 ut
1409 1807 1528 1833 sanos
1550 1791 1779 1835 adhibeant.

479 1857 636 1900 Sanum
662 1857 870 1915 profecto,
899 1859 956 1900 mi
987 1857 1195 1909 Secunde,
1232 1857 1444 1899 consilium
1472 1873 1481 1898 :
1512 1872 1641 1915 neque
1672 1859 1779 1899 enim

478 1920 648 1964 difficile
663 1932 752 1964 erat
768 1923 905 1977 vobis,
920 1925 989 1980 qui
1008 1938 1143 1965 coram
1162 1924 1300 1980 paucis
1316 1924 1443 1979 iisque
1459 1921 1623 1965 delectis
1639 1931 1681 1964 et
1691 1924 1782 1964 ami-

480 1988 542 2029 cis
559 1985 666 2029 inti-a
682 1989 853 2045 parietes
871 1997 1025 2030 vestros
1042 1987 1268 2030 recitabatis
1278 2020 1290 2040 ‚
1308 1989 1469 2029 insanos
1484 2002 1684 2029 amovere.
1703 1988 1784 2029 scd

480 2066 508 2093 e
527 2051 692 2109 publico
713 2053 793 2095 hoc
811 2054 971 2095 theatro
993 2054 1082 2111 quis
1101 2068 1235 2111 praeco
1254 2047 1457 2095 amoimbit
1473 2067 1637 2109 asperos
1662 2053 1784 2095 hosce

482 2125 527 2158 et
556 2126 739 2159 austeros
769 2120 1042 2170 Xenocrates,
1057 2117 1068 2133 ²
1090 2119 1159 2175 qui
1188 2119 1339 2160 Gratiis
1366 2132 1448 2158 non
1478 2116 1669 2159 litat-unt?
1695 2119 1785 2175 quis

483 2181 719 2240 designator
753 2199 777 2226 e
814 2184 951 2226 cuneis
983 2186 1147 2226 Pati-um
1182 2192 1224 2224 et
1245 2184 1437 2240 Equitum
1469 2182 1659 2225 excitabit
1687 2184 1784 2225 istos

483 2245 636 2305 plebeii
656 2256 699 2289 et
716 2249 942 2303 ἀφιλοκοΐλου
960 2239 1131 2306 ingenii³
1146 2249 1298 2290 Marios
1309 2281 1321 2300 ‚
1339 2249 1409 2305 qui
1425 2248 1554 2290 Musis
1570 2262 1684 2289 sacra
1705 2262 1786 2290 non

483 2311 694 2363 fecerunt,
718 2328 795 2355 nec
821 2313 954 2356 facere
977 2312 1150 2362 curant?
1176 2315 1264 2371 quis
1288 2322 1419 2369 mysta
1444 2327 1465 2353 a
1493 2313 1704 2355 Musarum
1726 2327 1787 2355 sa—

482 2378 570 2419 cris
584 2377 741 2420 arcebit
761 2378 976 2435 profanum
999 2379 1078 2420 hoc
1099 2377 1262 2436 vulgus,
1282 2379 1512 2435 imperitum
1531 2378 1647 2434 juxta
1666 2386 1787 2434 atque

483 2456 705 2499 arrogans,
733 2452 773 2484 et
802 2443 881 2486 hoc
912 2444 1167 2502 arrogantius
1193 2458 1276 2501 quo
1304 2442 1555 2500 imperitius?
1573 2441 1648 2484 Alii
1673 2456 1787 2484 nam-

545 2582 574 2603 1.
587 2571 803 2603 Providentiam
812 2595 821 2609 ‚
835 2578 895 2602 etc.
909 2571 1033 2604 Plinius
1042 2570 1111 2603 Sec.
1172 2581 1235 2613 que
1250 2570 1412 2612 Diogenes
1422 2570 1569 2602 Laertius
1583 2570 1617 2601 in
1628 2570 1713 2602 libro
1726 2571 1788 2601 iv,

486 2620 548 2653 uh.
559 2620 629 2658 VI,
642 2619 736 2662 epist.
756 2619 811 2652 15.
1221 2619 1253 2651 3.
1280 2619 1455 2651 Ρίεὸείἰ...ει
1475 2619 1650 2658 demonium
1670 2620 1789 2661 ingenii.

542 2680 577 2700 ε.
588 2668 720 2711 Aspero:
737 2676 766 2699 et
779 2674 906 2700 austeros
918 2668 1112 2700 Xenocrates.
1172 2666 1250 2700 Vid.
1268 2668 1431 2700 Plutarch.
1453 2666 1528 2699 vita
1544 2666 1655 2705 Marii,
1669 2674 1702 2697 et
1716 2667 1793 2698 an.

487 2716 687 2751 Plutarchus
696 2716 730 2748 in
743 2715 893 2749 Connub.
906 2717 1061 2759 Pmcept.
1071 2722 1114 2747 nt·
1172 2716 1257 2749 Max.
1272 2716 1330 2748 lib.
1345 2717 1376 2747 11
1387 2739 1396 2754 ‚
1414 2726 1483 2758 cap.
1507 2726 1534 2746 ι.

1560 2773 1604 2818 ³⁴
