2447 3518
577 1887 599 1905 r.
606 1885 677 1908 .....

565 1927 617 1961 vel
633 1927 726 1961 einis.

617 1987 670 2007 πο.
691 1976 776 2018 Quid
797 1977 915 2008 sarrire.
941 1976 1007 2015 Qui
1030 1976 1128 2008 vellet
1149 1988 1195 2008 sa-

565 2036 643 2056 xum
654 2024 772 2057 sarrire
786 2036 855 2056 non
866 2025 967 2068 magis
978 2036 1111 2068 operam
1119 2036 1194 2068 per·

568 2071 659 2105 deret
676 2084 775 2117 quam
795 2074 854 2117 qui
874 2074 972 2106 vellet
989 2081 1022 2106 te
1034 2098 1044 2111 ,
1068 2084 1194 2106 saxeam

567 2133 727 2154 exercere.
747 2121 827 2155 vid.
855 2122 957 2166 epigr.
986 2133 1077 2155 xxxn
1101 2134 1194 2166 supr.

567 2181 616 2202 vs.
639 2175 670 2209 4.
688 2170 806 2204 Sar-rire
830 2171 965 2215 proprie
991 2180 1038 2204 est
1063 2171 1196 2204 sarculis

568 2219 706 2251 humum
729 2218 860 2260 fodere,
884 2232 988 2264 quum
1010 2232 1129 2264 nempe
1155 2221 1195 2251 ab

569 2268 755 2301 infelicibus
776 2277 809 2300 et
825 2269 931 2301 noxiis
951 2269 1061 2301 herbis
1080 2269 1196 2301 leviter

568 2316 744 2361 scalpendo
761 2326 945 2360 purgantur
955 2326 1087 2360 segetes.

621 2377 674 2399 υ.
691 2367 821 2398 Thuan.
838 2374 869 2398 et
885 2367 992 2399 vatic.
1014 2374 1041 2397 te
1061 2369 1125 2410 quis
1141 2379 1196 2398 vo-

570 2415 659 2446 cubit.

622 2475 638 2494 a
646 2477 678 2495 2·
687 2464 864 2495 Philomelus
873 2466 981 2502 aviam,
995 2471 1055 2495 etc.
1071 2464 1114 2496 Et
1127 2465 1197 2507 ipse

570 2523 683 2551 senex,
698 2524 793 2555 quem
805 2512 995 2544 maritorum
1007 2524 1197 2556 supremum

571 2561 723 2593 extulisti.

625 2614 680 2649 24.
701 2611 856 2642 Sternatur
866 2624 885 2641 a
904 2610 1011 2642 Cot-ide
1026 2614 1055 2642 in
1072 2611 1199 2643 triclinio

572 2660 609 2690 in
628 2657 822 2702 quibusdam
843 2667 919 2692 vett.
943 2660 1102 2703 probante
1127 2660 1200 2692 Mu-

571 2709 743 2740 sambertio
753 2719 760 2740 :
771 2709 927 2740 Sternatur
932 2709 1062 2741 Acoride
1073 2709 1197 2741 triclinio

566 2757 606 2790 in
618 2755 691 2789 Ald.
707 2758 727 2788 J
731 2764 800 2789 unt.
816 2765 912 2801 atque
923 2758 1029 2791 Colin.
1043 2759 1199 2790 Sternatur·

1265 1877 1277 1884 ·
1299 1895 1302 1898 v
1321 1866 1497 1912 3³³4:
1515 1862 1582 1907 ⁶37?
1598 1863 1683 1907 ”iis

1245 1938 1349 1961 κεπτ.
1375 1929 1463 1962 Pers.
1493 1937 1551 1962 sat.
1578 1929 1649 1966 m,
1664 1939 1762 1961 versu
1782 1927 1845 1961 103
1865 1939 1875 1960 :

1250 1992 1263 2005 ι
1277 1976 1490 2020 Tandemque
1512 1976 1660 2008 beatulus
1682 1975 1749 2008 alto
1776 1976 1875 2008 Com-

1245 2025 1370 2068 positus
1401 2026 1487 2057 lecto
1503 2050 1512 2065 ,
1545 2024 1723 2067 crassisque
1753 2023 1877 2057 lutatus

1247 2075 1382 2106 amomis
1395 2098 1404 2115 ,
1422 2075 1462 2106 Iu
1484 2081 1614 2117 portam
1634 2067 1757 2115 rigidos
1775 2073 1878 2106 calces

1246 2122 1402 2155 extendit.
1414 2139 1427 2152 n
1441 2143 1485 2148 —
1499 2122 1623 2155 Clim'eo.
1631 2121 1669 2153 Id
1676 2130 1738 2161 est,
1747 2122 1879 2166 Vespil-

1247 2171 1322 2204 lone
1336 2183 1435 2215 quem
1447 2172 1592 2204 irrisorie
1602 2171 1757 2203 clinicum
1770 2179 1879 2212 vocat,

1247 2220 1331 2252 sicut
1357 2232 1475 2264 supra,
1505 2220 1562 2252 lib.
1587 2220 1623 2258 Ι,
1643 2220 1879 2264 epigrammate

1249 2280 1345 2301 xxxr:
1367 2286 1379 2298 ι
1398 2269 1578 2312 Chirurgus
1589 2269 1710 2308 fuerat,
1726 2279 1818 2301 nunc
1832 2276 1880 2301 est

1248 2318 1384 2361 vespillo
1419 2318 1576 2350 Diaulus:
1599 2318 1705 2360 Coepit
1726 2329 1795 2361 quo
1818 2329 1878 2361 po·

1250 2374 1331 2399 terat
1351 2367 1486 2399 clinicus
1504 2378 1571 2399 esse
1587 2365 1699 2400 modo0
1717 2382 1730 2394 ι

1302 2428 1318 2447 2
1325 2415 1353 2448 5,
1366 2416 1593 2447 Thalassionem.
1604 2415 1744 2448 Carmen
1754 2415 1881 2459 nuptiis

1250 2464 1394 2497 solemne
1409 2464 1495 2508 apud
1508 2466 1670 2496 Romanos
1681 2487 1691 2502 ,
1707 2472 1744 2508 ut
1759 2464 1881 2507 Hyme-

1251 2523 1339 2545 naeus
1366 2513 1455 2557 apud
1485 2514 1625 2546 Graecos.
1652 2512 1730 2544 Vid.
1759 2513 1820 2545 lib.
1840 2514 1856 2546 Ι
1872 2538 1882 2553 ,

1252 2563 1354 2606 epigr.
1375 2574 1470 2594 xxxvi
1486 2587 1494 2601 ‚
1510 2574 1557 2595 vs.
1577 2561 1770 2594 6.——Solu.5.
1791 2562 1882 2595 Tha·

1252 2611 1347 2643 lassio
1363 2611 1428 2643 dici
1445 2611 1568 2643 solebat
1583 2622 1600 2642 a
1619 2610 1730 2642 multis
1740 2634 1749 2649 ‚
1762 2622 1885 2654 nempe

1254 2660 1293 2692 ad
1311 2661 1440 2703 nuptias
1458 2660 1601 2692 vocatis:
1618 2660 1696 2691 solus
1714 2670 1795 2692 vero
1811 2672 1884 2692 ves-

1251 2709 1331 2752 pillo
1350 2716 1443 2752 aptus
1460 2717 1528 2741 erat
1548 2709 1604 2751 qui
1622 2707 1656 2740 id
1675 2720 1811 2741 carmen
1831 2720 1885 2741 ca·

1252 2767 1343 2790 neret
1358 2758 1549 2790 Vetustillae.
1568 2758 1712 2799 Longius.
