2447 3518
678 1795 902 1837 ''finus'itt'elun
922 1795 1012 1830 ’ἧι-ἕπε
1032 1788 1165 1834 :coemit
1186 1798 1228 1832 ιᾶ
1252 1791 1309 1832 in·-

682 1858 748 1879 sam
773 1844 947 1891 quamdam
967 1846 1002 1877 in
1029 1848 1121 1890 cujus
1150 1859 1208 1879 ore
1234 1848 1308 1880 viva

681 1895 803 1927 latebat
825 1895 956 1939 vipera;
977 1906 1050 1939 qnae
1067 1895 1193 1929 irritata
1210 1897 1307 1940 pueri

682 1954 783 1976 manu
797 1954 873 1976 eum
889 1944 1014 1977 acrites·
1027 1944 1205 1978 momordit
1218 1969 1227 1984 ,
1246 1945 1307 1977 im-

682 1992 780 2025 misso
798 2004 928 2028 veneno
942 1993 1036 2026 brevi
1049 1994 1243 2037 periturum.

735 2051 763 2073 r.
785 2042 926 2074 Proxima
945 2044 1091 2079 eatenis,
1117 2050 1177 2076 etc.
1202 2043 1308 2087 Prope

682 2088 860 2132 Vipsanam
872 2090 1034 2134 porticum
1050 2089 1115 2129 (de
1126 2103 1192 2135 quo
1203 2092 1259 2124 lib.
1272 2093 1289 2124 Ι
1297 2116 1307 2132 ,

682 2137 784 2181 epigr.
802 2149 874 2176 cu,
894 2151 927 2172 v.
948 2139 986 2180 3;
1004 2147 1036 2172 et
1054 2140 1110 2173 lib.
1131 2141 1185 2180 11,
1204 2141 1307 2184 epigr.

680 2197 756 2226 xxv,
767 2199 814 2220 vs·
832 2186 895 2229 9),
909 2200 984 2232 qua
1002 2197 1132 2224 centum
1149 2190 1308 2222 columnis

682 2235 762 2268 fulta
779 2243 844 2276 est,
862 2237 896 2268 in
915 2237 988 2270 loeo
1004 2238 1140 2282 platanis
1158 2239 1285 2271 consito
1299 2262 1308 2279 ‚

681 2283 833 2318 visuntur
857 2286 966 2318 multae
994 2288 1134 2320 ferarum
1155 2288 1308 2331 imagines

683 2344 722 2365 ex
746 2334 876 2366 metallo
888 2358 897 2375 ‚
914 2346 972 2367 seu
990 2347 1170 2375 marmore,
1189 2347 1246 2368 seu
1264 2337 1309 2369 la-

682 2381 760 2425 pide
773 2395 946 2426 expressoe,
960 2383 1047 2416 inter
1061 2395 1139 2427 quas
1157 2392 1205 2416 est
1221 2397 1305 2417 ursa.

681 2450 731 2456 -—
745 2431 888 2475 Scaliger
903 2433 1134 2476 interpretatur
1152 2434 1241 2466 hunc
1257 2434 1306 2465 lo—

680 2490 756 2512 cum
786 2480 827 2513 de
853 2481 957 2514 stadio
985 2481 1076 2525 quod
1106 2490 1175 2515 erat
1203 2494 1306 2526 prope

682 2529 844 2562 theatrum
864 2530 1031 2573 Pompeii,
1049 2531 1183 2574 regione
1200 2543 1306 2571 nona,

682 2586 715 2611 et
731 2579 933 2623 temporibus
949 2579 1107 2612 Martialis
1121 2580 1183 2611 sub
1193 2580 1306 2611 Domi-

683 2628 773 2660 tiano
796 2636 994 2661 exstructum
1020 2628 1102 2668 fuit,
1126 2626 1216 2671 quod
1239 2628 1304 2661 Eu-

681 2677 789 2708 sebius
818 2677 851 2708 in
871 2676 1036 2722 Chronico
1054 2685 1148 2709 vocat
1172 2677 1304 2710 hecato-

683 2725 800 2768 stylon.

1360 1795 1536 1832 Poimanni
1568 1788 1671 1832 adei
1693 1810 1704 1832 τ
1732 1791 1862 1830 alluvies
1894 1804 1993 1832 natat

1361 1847 1468 1879 hiatus.
1494 1867 1544 1873 —-
1570 1848 1680 1879 Tentat
1699 1848 1805 1878 hiatus.
1829 1847 1989 1879 Faucium

1360 1895 1567 1928 altitudinem
1580 1896 1742 1938 explorat,
1759 1895 1850 1939 quasi
1865 1907 1987 1939 provo-

1362 1953 1450 1978 caret
1469 1956 1505 1977 ae
1522 1943 1668 1977 diceret:
1687 1943 1822 1983 Morde,
1846 1944 1915 1976 fera
1929 1967 1939 1983 ‚
1959 1945 1988 1977 si

1360 1994 1467 2036 potes!

1412 2047 1444 2083 4.
1467 2042 1576 2085 Hylas.
1604 2042 1680 2074 Fuit
1708 2053 1809 2085 puer,
1833 2040 1988 2074 Theoda-

1360 2103 1422 2123 mae
1444 2092 1547 2129 filius,
1567 2090 1764 2134 egregiaeque
1783 2090 1962 2123 venustatis
1977 2114 1988 2130 ‚

1360 2139 1494 2173 Herculi
1504 2138 1683 2172 admodum
1694 2150 1796 2172 carus.
1809 2139 1921 2178 Quum
1933 2140 1954 2170 J
1956 2151 1989 2172 a·

1360 2200 1471 2221 sonem
1496 2196 1531 2221 et
1554 2189 1757 2232 Argonautas
1782 2195 1919 2232 uterque
1944 2188 1988 2221 ad

1360 2238 1462 2270 vellus
1489 2248 1624 2270 aureum
1652 2236 1845 2281 rapiendum
1869 2238 1989 2270 'comit-

1362 2294 1492 2323 aretur,
1518 2287 1619 2330 Hylas
1647 2297 1752 2331 prope
1777 2286 1921 2326 fontem,
1944 2286 1987 2318 ad

1359 2346 1458 2378 quem
1472 2342 1645 2367 accesserat
1662 2346 1778 2378 aquam
1794 2335 1985 2375 hausturus,

1360 2395 1378 2416 a
1390 2384 1545 2427 nymphis
1560 2383 1621 2416 fuit
1635 2390 1759 2427 raptus.
1778 2384 1933 2416 Hercules
1951 2385 1987 2417 in

1359 2433 1438 2465 litus
1457 2431 1645 2472 descendit,
1666 2440 1699 2464 et
1713 2433 1831 2476 Hylam
1849 2431 1906 2464 diu
1925 2445 1987 2465 vo-

1359 2489 1466 2514 catum
1480 2482 1525 2515 ita
1539 2481 1629 2513 flevit
1644 2481 1795 2513 amissum
1805 2505 1815 2520 ,
1831 2483 1986 2524 utArgo-

1359 2538 1471 2563 nautas
1478 2531 1606 2574 longius
1615 2530 1708 2573 sequi
1720 2529 1876 2562 noluerit:
1884 2541 1987 2573 quum

1359 2587 1465 2612 autem
1477 2578 1733 2623 pulchritudinis
1746 2576 1842 2610 laude
1855 2579 1987 2611 efflore-

1359 2635 1409 2660 ret
1417 2628 1517 2671 Hylas
1525 2653 1534 2667 ,
1541 2628 1650 2672 Hylan
1661 2635 1755 2660 vocat
1767 2639 1905 2671 puerum
1914 2629 1989 2672 pul-

1359 2677 1499 2709 chellum
1513 2676 1774 2719 Martialisvirg.
1789 2675 1986 2719 Georg.III‚

1361 2727 1380 2756 6
1398 2734 1406 2754 τ
1432 2742 1445 2754 ι
1464 2726 1525 2758 Cui
1548 2737 1615 2758 non
1635 2723 1741 2757 dictus
1761 2724 1861 2769 Hylas
1877 2726 1986 2768 puer?
