2447 3518
569 1822 637 1855 que
663 1812 739 1855 gelu
754 1836 765 1852 ,
788 1820 990 1855 mergeretur
1012 1812 1047 1845 iu
1074 1806 1195 1855 a'quas5

569 1871 671 1904 quum
706 1860 780 1893 imae
811 1868 918 1904 partes
950 1872 1041 1905 aquae
1070 1861 1197 1904 impetu

568 1909 794 1949 traherentur,
807 1917 906 1954 caput
918 1909 1006 1954 quod
1021 1909 1199 1953 superemi-

570 1959 670 1991 nebat
677 1958 852 1991 abscissum
863 1966 911 1991 est
920 1959 992 2002 ipso
997 1960 1082 2003 gelu.
1096 1958 1197 1999 Quod

571 2006 768 2050 epigramma
796 2008 1011 2040 Germanicus
1034 2019 1127 2051 paeue
1155 2007 1197 2039 ad

570 2056 707 2087 verbum
726 2056 916 2088 latinissime
937 2057 1110 2089 convertit.
1133 2057 1197 2088 Ra-

570 2105 710 2136 miresius.

621 2173 670 2178 ——
690 2154 737 2184 De
751 2165 844 2196 puero
857 2154 955 2196 glacie
968 2155 1061 2186 occiso
1078 2154 1197 2187 lemma

573 2209 620 2235 est
636 2201 670 2233 in
685 2201 760 2236 Ald.
774 2202 795 2233 J
798 2210 868 2234 unt.
884 2202 992 2235 Colin.
1010 2210 1073 2235 etc.

627 2261 657 2282 1.
677 2251 712 2282 V
710 2253 830 2293 ipsaniis
850 2251 927 2295 legit
942 2253 1020 2284 Ant.
1039 2252 1076 2283 de
1100 2251 1195 2295 Boos.

573 2298 659 2332 Vide
676 2299 719 2332 ad
729 2300 787 2332 lib.
799 2300 816 2332 1
830 2325 839 2341 ,
856 2300 957 2344 epigr.
977 2311 1045 2333 clx.
1062 2319 1112 2325 -—-
1127 2300 1197 2342 Qua

571 2350 672 2380 vicina
686 2374 696 2388 ,
718 2357 778 2382 etc.
802 2349 934 2382 Portam
958 2349 1122 2393 Capenam
1146 2349 1196 2381 iu-

572 2397 681 2441 tellige
693 2422 702 2438 ,
717 2397 759 2430 de
774 2409 838 2442 qua
851 2397 916 2431 vid.
934 2398 992 2431 lib.
1006 2399 1073 2435 111,
1092 2398 1195 2441 epigr.

572 2457 685 2486 nvn,
703 2459 751 2479 vs.
783 2458 825 2487 1;
851 2459 951 2492 quam
974 2458 1079 2491 prope
1104 2453 1197 2479 erant

572 2494 797 2539 aquaeductus,
823 2496 912 2529 unde
933 2503 1035 2540 guttae
1059 2495 1197 2539 grandes

572 2543 786 2588 depluebant.
807 2565 857 2572 -—
875 2546 1015 2588 Vipsanis
1024 2570 1032 2577 .
1044 2570 1052 2577 .
1064 2570 1072 2577 .
1086 2546 1196 2577 colum-

571 2597 629 2626 m's.
641 2595 686 2626 M.
699 2593 874 2637 Vipsanius
892 2595 1052 2638 Agrippa,
1064 2594 1197 2626 Caesaris

572 2644 710 2687 Augusti
723 2655 838 2687 gener,
854 2642 1024 2677 aediflcavit
1038 2644 1197 2687 templum

573 2692 607 2723 in
618 2693 776 2725 honorem
786 2693 934 2725 omnium
942 2693 1093 2733 deorum,
1107 2691 1197 2738 quod

1300 1825 1331 1844 z.
1351 1812 1505 1844 labriam.
1518 1812 1559 1843 In
1576 1822 1646 1855 quo
1662 1822 1720 1854 pes
1739 1809 1809 1843 fam
1828 1810 1875 1842 fa-

1249 1860 1311 1893 cile
1321 1868 1438 1904 potest,
1448 1860 1525 1904 quia
1535 1859 1645 1892 madet
1654 1871 1749 1904 aqua,
1757 1860 1875 1898 imbre,

1248 1909 1347 1953 guttis
1373 1909 1580 1942 stillantibus.
1606 1909 1670 1940 En.
1693 1928 1744 1935 —-
1770 1909 1873 1951 Lapis.

1248 1960 1366 1991 Aream
1382 1958 1527 2002 intellige
1542 1956 1707 2002 lupidibus
1722 1964 1874 1998 stratam,

1249 2019 1307 2039 seu
1318 2007 1550 2050 pavimentum.

1301 2056 1334 2088 3.
1343 2054 1451 2089 Codd.
1463 2056 1606 2088 Florent.
1620 2062 1652 2087 et
1664 2056 1741 2087 Vat.
1753 2054 1877 2088 habent

1250 2107 1301 2149 qui
1313 2105 1428 2136 roscida
1445 2105 1550 2147 templa
1564 2103 1681 2136 subibat
1688 2116 1702 2142 ,-
1720 2111 1754 2136 et
1767 2104 1814 2137 sic
1830 2105 1875 2136 le·

1252 2161 1337 2197 gunt
1347 2152 1423 2186 Ald.
1431 2154 1449 2186 J
1453 2161 1527 2186 unt.
1538 2152 1643 2193 Colin.
1654 2152 1785 2197 Gryph.
1800 2153 1877 2185 Pul-

1251 2213 1360 2234 mann.
1386 2202 1407 2234 J
1409 2202 1519 2235 uuian.
1543 2202 1643 2245 Lang-
1663 2202 1784 2245 Delph.
1813 2209 1875 2235 etc.

1250 2251 1304 2284 alii
1318 2258 1403 2284 tecta.
1417 2272 1468 2277 —
1483 2251 1612 2283 Roscida
1628 2251 1745 2294 templa.
1761 2251 1879 2284 Trum-

1249 2300 1319 2333 ibat
1334 2311 1416 2344 puer
1429 2311 1488 2344 per
1505 2308 1636 2344 portam
1655 2300 1822 2343 Capenam
1836 2299 1877 2333 nd

1248 2350 1412 2393 porticum
1424 2349 1613 2393 Vipsanam,
1625 2360 1723 2392 quam
1735 2349 1880 2392 appellat

1250 2399 1374 2441 templa,
1393 2396 1486 2441 quod
1499 2398 1545 2430 ita
1563 2405 1721 2430 vocentur
1738 2397 1875 2432 edificia

1249 2458 1380 2490 magna;
1398 2455 1494 2490 atque
1511 2447 1617 2490 templa
1635 2446 1752 2478 roscida
1762 2471 1774 2485 ,
1789 2445 1878 2490 quod

1249 2496 1350 2540 guttis
1371 2507 1414 2528 ex
1434 2495 1628 2539 aquaductu
1646 2494 1878 2539 depluentibus

1250 2544 1342 2588 quasi
1360 2556 1437 2577 tore
1458 2544 1707 2588 inspergeretur.

1302 2598 1334 2632 4.
1348 2593 1491 2637 Hybemo
1500 2596 1675 2637 proegravt's.
1690 2593 1790 2626 Stiria
1803 2604 1879 2626 con-

1250 2651 1339 2675 creta
1354 2650 1386 2675 et
1404 2642 1438 2675 in
1450 2654 1584 2676 acumen
1600 2642 1753 2675 desinens
1766 2667 1776 2683 ,
1789 2641 1878 2687 quod

1250 2692 1399 2735 jugulum
1416 2692 1511 2735 pueri
1527 2691 1695 2725 transfixit.
1713 2691 1778 2726 En.
