2447 3518
567 1895 584 1909 ,·
606 1897 611 1905 ν
646 1883 697 1905 ’νὺ
716 1896 729 1917 1*
997 1908 1000 1909 γ

553 1937 686 1964 mnum,
698 1925 755 1968 qui
771 1925 935 1969 hymenoeus
947 1923 1083 1963 dicitur,
1103 1936 1180 1967 qua-

553 1975 594 2007 lis
611 1974 766 2006 Romanis
791 1974 943 2005 thalassio.
963 1971 1052 2004 Vide
1067 1972 1127 2006 lib.
1141 1974 1157 2005 Ῑ
1167 1996 1178 2013 ,

553 2024 656 2066 epigr.
673 2033 770 2054 xxxv1
783 2046 793 2060 ,
805 2034 853 2054 vs.
871 2024 904 2054 6.
922 2021 1054 2054 Far-nab.

603 2072 636 2104 3.
669 2073 743 2103 Tam
767 2071 837 2102 bene
862 2083 956 2107 mm,
980 2078 1041 2102 ete.
1067 2070 1175 2109 Quam

551 2121 694 2153 suaviter
709 2119 886 2152 miscentur
896 2118 1000 2151 nardo
1011 2119 1159 2152 cinnama
1167 2144 1177 2159 ‚

551 2178 618 2202 tam
636 2169 775 2202 feliciter
790 2168 936 2212 jungitur
954 2167 1092 2200 Claudia
1111 2169 1175 2200 Pu-

549 2218 651 2251 denti.
670 2238 719 2243 —-
741 2218 834 2249 Ram.
860 2218 1014 2249 Pretiosa.
1032 2237 1080 2242 —-
1101 2217 1174 2249 Suo.

549 2269 612 2301 Cui
628 2267 751 2301 scilicet
772 2264 914 2309 quadam
931 2266 1015 2298 felici
1037 2268 1174 2298 necessi-

547 2316 663 2349 tudine
690 2315 831 2358 jucunde
859 2315 1077 2358 conjungitur.
1109 2316 1172 2348 En.

548 2385 596 2391 ——
616 2365 771 2397 Citmama.
786 2364 983 2397 Cinmmum
999 2371 1045 2396 est
1056 2363 1172 2396 odora-

546 2422 601 2446 tus
614 2414 738 2453 frutex.
749 2413 817 2446 sive
831 2420 1035 2456 unguentum
1049 2424 1088 2444 ex
1102 2414 1173 2454 ejus

545 2475 642 2495 succo
654 2463 790 2495 factum.
808 2461 987 2494 Arbuscula
1002 2469 1049 2493 est
1058 2461 1172 2494 eadem

545 2520 642 2555 atque
672 2511 935 2549 cinnamomum3
962 2510 1104 2542 nascitur
1135 2511 1170 2543 in

546 2560 735 2603 AEthiopia:
754 2558 886 2602 quidam
908 2557 943 2590 id
961 2570 1031 2591 esse
1051 2568 1170 2602 putant

543 2608 632 2652 quod
652 2620 803 2640 vocamus
824 2608 910 2640 Galli
930 2608 966 2639 de
982 2608 1012 2638 la
1026 2609 1166 2640 conaelle.

542 2658 663 2691 Nomius
675 2668 805 2700 quoque
814 2657 921 2688 frutex
933 2664 980 2688 est
991 2655 1154 2689 odoratus.

592 2712 623 2745 4.
645 2707 775 2749 qusica
797 2706 926 2738 Theseis.
945 2706 994 2737 Ex
1018 2706 1112 2738 melle
1134 2714 1166 2738 et

1232 1931 1279 1958 est
1294 1925 1390 1956 etiam
1401 1926 1485 1958 lotos
1495 1925 1595 1957 herba
1609 1925 1643 1957 in
1662 1927 1862 1969 palustrium

1231 1984 1360 2017 genere.
1374 1973 1461 2006 Vide
1474 1974 1614 2006 Fretum
1624 1974 1862 2018 Virgilian-m,

1231 2034 1304 2066 pag.
1323 2024 1410 2055 >mooe
1428 2047 1437 2062 ,
1457 2030 1543 2055 nost.
1570 2022 1650 2055 edit.
1671 2031 1752 2056 tom.
1776 2037 1861 2065 vnx,

1231 2072 1289 2104 ubi
1322 2072 1415 2114 plura
1446 2080 1478 2103 et
1505 2083 1591 2103 nova
1616 2073 1770 2115 reperies.
1797 2075 1859 2107 En.

1229 2140 1279 2146 —
1292 2121 1395 2151 Litora
1419 2127 1539 2164 nqyrtus.
1559 2114 1690 2163 :Myrtos
1713 2124 1805 2156 nasci
1824 2124 1859 2156 in

1229 2169 1399 2201 maritimis
1417 2168 1497 2200 locis
1514 2170 1718 2212 experientia
1740 2170 1858 2211 docet;

1228 2218 1262 2249 in
1281 2218 1437 2250 montosis
1453 2226 1560 2249 autem
1569 2226 1602 2250 et
1613 2217 1858 2254 mediterraneis

1227 2278 1294 2298 non
1312 2267 1522 2310 proveniunt.

1278 2327 1312 2358 7.
1338 2316 1475 2347 Candida
1488 2323 1628 2358 perpetuo
1648 2318 1757 2349 residet
1782 2318 1855 2351 Ald.

1226 2365 1246 2396 J
1250 2372 1319 2396 unt.
1338 2364 1446 2396 Colin.
1473 2365 1602 2407 Grypll.
1622 2373 1684 2397 etc.
1701 2385 1754 2391 ·--
1775 2367 1853 2399 Con-

1227 2414 1336 2445 cordia.
1351 2414 1451 2445 Deam
1464 2413 1607 2456 intellige
1624 2414 1855 2456 Concordiam,

1226 2463 1279 2494 cui
1307 2463 1464 2505 templum
1491 2462 1594 2494 erexit
1620 2463 1851 2506 Vespasianus.

1224 2512 1342 2543 Juven.
1362 2511 1427 2543 Sat.
1445 2512 1461 2542 1
1482 2523 1490 2541 :
1513 2527 1525 2539 ··
1543 2512 1689 2554 Quaeque
1713 2514 1851 2546 salutato

1223 2560 1361 2603 crepitat
1376 2559 1560 2592 Concordia
1574 2559 1667 2593 nido.
1687 2576 1700 2589 n

1272 2621 1306 2650 9.
1325 2609 1446 2650 Diligat
1462 2611 1524 2651 ipsa
1541 2608 1615 2642 Ald.
1630 2610 1650 2640 J
1653 2617 1726 2643 unt.
1744 2611 1849 2643 Colin-

1222 2658 1349 2701 Gryph.
1369 2665 1451 2696 etc.;
1470 2659 1520 2689 illa
1534 2657 1606 2690 cod.
1627 2658 1801 2692 Pulmaun.
1821 2668 1850 2692 et

1221 2705 1411 2738 Beverlancli
1427 2707 1496 2738 MS.
