2447 3518
682 458 1224 500 EPIGRAMMATUM
1259 458 1374 500 LIB.
1410 459 1489 500 lv.

1647 463 1742 527 4¹9

502 538 756 581 Praetulimus
783 540 905 581 tantis
931 538 1063 581 solum
1087 547 1150 592 te,
1169 538 1412 592 Posthume,
1437 541 1595 597 regnis:

567 605 728 662 Pauper
748 618 860 657 eras,
877 612 919 646 et
936 618 1081 661 eques,
1106 603 1178 645 sed
1199 603 1298 645 mihi
1317 603 1459 646 consul
1478 619 1579 648 eras.

502 670 655 711 Tecum
677 677 738 711 ter
758 668 882 711 denas
902 669 1134 722 numeravi,
1153 667 1373 711 Posthume
1385 701 1397 721 ‚
1414 669 1580 712 brumas
1600 685 1610 711 :
1726 690 1740 713 ε

570 734 811 776 Communis
833 733 949 775 nobis
970 732 1097 776 lectus
1116 742 1158 775 et
1179 748 1283 776 unus
1302 742 1402 775 erat.

502 800 592 841 Jam
615 798 767 840 donare
791 807 925 856 potes,
937 799 1022 856 jam
1046 798 1236 856 perdere,
1253 797 1396 856 plenus
1418 798 1644 852 honorum,

568 865 724 920 Largus
742 878 866 921 opum
884 878 894 905 ε
915 872 1129 921 exspecto,
1148 863 1369 905 Posthume
1381 896 1393 916 ‚
1412 863 1508 921 quid
1530 864 1666 907 facias.
1707 880 1711 883 ·

502 928 568 970 Nil
593 929 718 971 facis:
744 938 786 970 et
811 943 945 971 serum
972 937 1033 970 est
1059 927 1183 970 alium
1209 927 1308 970 mihi
1333 943 1513 986 quaerere
1536 944 1688 987 regem.

564 995 675 1047 Hoc,
696 995 897 1046 Fortuna,
923 992 1082 1051 placet?
1101 993 1347 1036 Posthumus
1371 994 1576 1051 imposuit.

437 1120 495 1152 lib.
507 1121 539 1160 1,
549 1120 740 1164 epigramm.
753 1130 842 1158 un,
852 1129 949 1151 versu
959 1129 979 1162 7
992 1132 1001 1156 ς
1013 1120 1063 1151 vel

437 1177 574 1213 propter
586 1169 738 1201 Rhetoris
749 1168 896 1207 Seneca,
910 1167 967 1212 qui
982 1167 1064 1199 Cor-

437 1217 527 1250 duba
545 1219 681 1250 Romam
701 1217 896 1260 migraverat
909 1240 919 1257 ,
942 1223 1008 1248 tres
1024 1216 1064 1248 fi-

438 1267 516 1307 lios,
535 1267 604 1299 scil.
625 1268 784 1299 Anuaeum
797 1286 807 1303 ‚
827 1263 1064 1309 philosophum

440 1315 656 1359 eumdemque
681 1322 811 1359 poetam
842 1314 1000 1357 tragicum
1031 1321 1064 1345 et

439 1364 579 1397 Neronis
613 1371 846 1409 praeceptorem
865 1377 875 1402 3
909 1363 1064 1394 Senecam

437 1413 625 1446 Gallionem
638 1424 696 1445 seu
709 1413 871 1444 Novatum
885 1423 895 1452 5
909 1410 1063 1443 Senecam

438 1462 557 1494 Melam
565 1473 620 1494 seu
629 1462 760 1493 Menam
769 1484 779 1500 ,
792 1460 915 1492 Lucani
926 1467 1063 1503 patrem;

439 1510 481 1543 de
510 1511 631 1554 quibus
655 1510 749 1554 plura
777 1507 866 1553 apud
893 1508 1038 1553 Lipsium
1054 1531 1064 1547 ,

438 1559 540 1592 Elect.
560 1559 596 1598 1,
613 1570 684 1603 cap.
709 1569 738 1591 1.
761 1558 853 1590 Hanc
870 1557 1062 1601 opinionem

437 1608 558 1641 refutat
569 1607 782 1640 Ramiresius:
796 1618 898 1651 quum
907 1605 997 1639 enim
1008 1617 1063 1638 ex-

438 1657 558 1690 stincta
588 1663 670 1689 esset
696 1656 891 1689 Senecnrum
920 1654 1040 1691 fauiilia
1051 1674 1062 1693 ,

438 1706 599 1739 existimat
612 1706 697 1738 hanc
714 1704 841 1737 Seneca
856 1703 990 1736 domum
1007 1714 1065 1735 no-

437 1754 538 1787 bilem
558 1753 623 1787 dici
645 1761 781 1798 propter
799 1753 923 1785 Pollam
938 1752 1063 1784 Lucani

438 1814 592 1843 uxorem,
609 1815 683 1847 quo
697 1802 795 1835 vidua
812 1801 970 1835 Martialis
986 1808 1064 1833 tem·

439 1863 520 1896 pore
549 1860 715 1885 mortuum
752 1851 907 1883 maritum
936 1861 1063 1882 summo

439 1900 548 1934 studio
571 1902 718 1940 colebat,
741 1901 874 1943 ejusque
897 1897 984 1931 diem
1005 1909 1063 1931 na-

439 1950 535 1982 talem
564 1950 747 1983 celebrabat
760 1973 771 1989 ‚
798 1956 836 1981 ut
866 1954 993 1980 constat
1023 1957 1063 1980 ex

438 1999 497 2032 lib.
509 1999 576 2032 vn
587 2023 597 2038 ‚
613 1998 803 2042 epigramm.
816 2009 855 2029 xx
866 2020 877 2037 ,
889 2007 945 2029 xxx
958 2020 968 2036 ,
979 2007 1063 2029 xxu.

439 2047 533 2080 uano
552 2059 629 2091 ergo
642 2048 770 2079 Pollam
784 2047 890 2079 colere
906 2045 1063 2089 potuisset

439 2096 549 2130 Poeta.
566 2116 615 2123 —-
628 2095 722 2128 Idem
741 2094 891 2139 intelligit
908 2101 952 2125 ter
965 2105 1064 2126 nume-

440 2145 535 2177 tanda
561 2145 662 2177 domm
674 2170 684 2185 ,
714 2143 809 2177 valde
837 2141 1036 2176 numeranda
1053 2166 1064 2182 ,

440 2193 535 2226 valde
547 2194 683 2226 celebris
692 2217 702 2234 ,
715 2190 972 2237 moreloquendi
984 2203 1064 2235 grae-

439 2254 479 2275 co
497 2254 506 2276 :
526 2242 580 2275 alii
608 2250 735 2275 tantum
762 2242 948 2285 intelligunt
971 2240 1065 2272 divisa

441 2294 472 2324 in
488 2299 545 2323 tres
556 2292 713 2333 samnius,
736 2298 872 2334 propter
891 2298 956 2322 tres
977 2290 1065 2322 Rhe-

441 2341 519 2374 toria
536 2340 630 2372 filios.

492 2390 524 2423 3.
542 2390 662 2432 Regm's.
676 2387 829 2431 Regibus.
840 2388 999 2420 Pati-onos
1012 2399 1068 2430 ap·

440 2438 554 2482 pellaci
569 2449 661 2481 reges
680 2449 698 2470 a
715 2436 886 2469 clientibus
900 2437 966 2480 jam
983 2447 1067 2480 supe

441 2486 592 2520 diximus.
611 2485 690 2518 Vid.
710 2486 766 2518 lib.
783 2485 820 2524 1,
837 2485 938 2528 epigr.
958 2495 1067 2524 cnm

440 2536 498 2569 lib.
519 2537 568 2571 11,
589 2535 691 2580 epigr.
709 2545 822 2575 xvur,
838 2545 932 2566 versu
952 2532 1068 2566 ultimo

441 2593 502 2618 ete.
520 2585 583 2617 En.

492 2637 510 2672 4
518 2658 526 2666 .
538 2634 660 2675 Pauper
668 2644 750 2670 eras,
763 2631 817 2663 sed
824 2642 908 2675 eques
918 2630 983 2673 legi
1001 2630 1072 2662 vult

442 2682 635 2715 Scriverius.
646 2701 693 2707 —-
705 2682 826 2724 Pauper
835 2704 844 2717 ,
864 2687 924 2713 etc.
941 2679 1070 2722 Paupe-

1119 1129 1189 1151 rem
1204 1125 1237 1151 te
1259 1126 1292 1151 et
1306 1130 1372 1151 non
1390 1118 1584 1163 patricium,
1600 1128 1638 1154 ut
1651 1121 1743 1154 Piso·

1118 1179 1177 1199 nes
1188 1191 1198 1207 ,
1210 1165 1267 1199 sed
1287 1168 1451 1211 equitem,
1470 1171 1640 1213 anteposui
1660 1178 1692 1203 te
1709 1178 1742 1204 et

1121 1216 1341 1248 nobilioribus
1358 1228 1395 1249 ac
1414 1216 1612 1258 ditioribusg
1634 1230 1741 1263 neque

1117 1272 1224 1297 tamen
1241 1276 1333 1297 secus
1346 1265 1451 1305 colui,
1464 1273 1561 1310 atque
1574 1268 1742 1301 consulem

1117 1321 1173 1346 aut
1188 1314 1403 1347 consularem.
1418 1314 1500 1348 Rud-

1167 1364 1200 1395 6.
1220 1361 1385 1394 Communis
1398 1363 1480 1395 nobis
1496 1364 1595 1397 lectus.
1610 1364 1686 1404 Quo
1699 1365 1741 1398 ad

1115 1422 1262 1444 mensam
1269 1413 1544 1445 accumberemus.
1549 1432 1599 1439 ·—
1605 1414 1651 1446 Et
1657 1426 1743 1448 unus.

1117 1460 1308 1493 Communis
1325 1460 1429 1494 lectus
1448 1471 1516 1493 esse
1530 1469 1637 1505 potest
1657 1462 1741 1496 duo-

1120 1508 1183 1541 bus
1204 1508 1334 1548 amicis,
1355 1517 1388 1542 et
1406 1522 1472 1542 non
1495 1521 1580 1543 nnus
1606 1518 1712 1545 tamen
1730 1525 1738 1546 :

1116 1564 1224 1601 potest
1245 1557 1335 1589 enim
1354 1566 1492 1602 uterque
1509 1570 1604 1592 suum
1619 1552 1739 1594 leetum

1116 1605 1235 1639 babere
1246 1629 1256 1646 ‚
1270 1614 1303 1638 et
1321 1607 1442 1639 cubare
1453 1607 1550 1639 simul
1567 1608 1669 1642 altero
1685 1609 1743 1642 de-

1116 1654 1232 1687 relicto
1256 1665 1358 1687 vacuo
1370 1679 1380 1694 ,
1400 1663 1438 1688 ut
1456 1657 1583 1699 quoties
1605 1657 1741 1691 libuerit

1116 1704 1240 1747 possint
1261 1704 1413 1746 separari.
1430 1704 1501 1737 Hoc
1524 1706 1672 1749 quamvis
1698 1707 1741 1740 sit

1116 1752 1244 1795 signum
1266 1752 1451 1785 arctissima
1471 1754 1718 1788 necessitudinis
1731 1779 1743 1796 ‚

1116 1812 1188 1833 non
1212 1808 1322 1833 tamen
1345 1808 1443 1834 tantae
1469 1809 1588 1846 quanta
1609 1803 1741 1837 illorum

1116 1856 1184 1889 est,
1199 1850 1320 1893 quibus
1346 1848 1479 1882 duobus
1506 1858 1631 1884 tantum
1657 1865 1742 1887 unus

1116 1898 1218 1931 lectus
1236 1906 1307 1935 est.
1325 1898 1383 1941 qui
1397 1899 1489 1931 nullo
1509 1911 1586 1932 casu
1606 1910 1743 1945 possunt

1118 1946 1255 1979 distrahi
1273 1955 1306 1980 et
1323 1948 1460 1991 sejungi.
1476 1949 1618 1982 namins.

1168 2007 1200 2038 7.
1216 1996 1286 2027 Jam
1302 1995 1413 2028 donare
1428 2020 1437 2034 ‚
1456 2004 1517 2030 etc.
1536 1998 1556 2029 J
1559 2009 1610 2030 am
1631 1999 1741 2043 largiri

1116 2044 1229 2076 amicis
1245 2055 1380 2077 munera
1399 2045 1491 2078 facile
1506 2054 1617 2090 potes,
1640 2048 1742 2081 immo

1118 2093 1218 2125 multa
1234 2093 1370 2137 impune
1385 2093 1522 2138 perdere
1536 2106 1572 2128 ac
1586 2096 1656 2129 sine
1675 2109 1743 2130 ma-

1118 2154 1183 2185 gno
1206 2140 1423 2183 detrimento,
1445 2143 1490 2176 ita
1512 2144 1692 2178 honoribus
1712 2155 1745 2179 et

1118 2192 1236 2234 opibus
1248 2190 1336 2234 large
1354 2191 1511 2224 abundas.

1168 2252 1201 2282 9.
1221 2239 1380 2280 Nilsucn's.
1397 2240 1488 2272 Nihil
1501 2242 1582 2275 mihi
1599 2242 1743 2286 largiris,

1119 2300 1219 2333 quum
1246 2296 1352 2321 tamen
1380 2289 1519 2322 maxime
1542 2302 1630 2323 nunc
1659 2290 1745 2323 indi-

1119 2349 1210 2382 geam
1238 2345 1293 2369 tua
1317 2337 1529 2379 liberalitate,
1548 2340 1672 2384 quippe
1687 2341 1746 2385 qui

1119 2398 1215 2419 senex
1232 2397 1314 2429 tegre
1329 2398 1431 2419 novos
1447 2395 1603 2431 patronos
1617 2389 1679 2421 sim
1696 2389 1747 2421 in-

1120 2443 1298 2475 venturus,
1319 2443 1352 2467 et
1374 2444 1479 2468 morte
1511 2436 1651 2470 instante
1678 2450 1744 2470 non

1121 2485 1197 2516 satis
1214 2484 1383 2517 habiturus
1395 2485 1550 2530 temporis
1563 2494 1619 2519 aut
1628 2487 1748 2519 virium

1123 2532 1163 2565 ad
1170 2534 1304 2576 gratiam
1314 2534 1448 2577 alicujus
1453 2534 1751 2578 amzupandmnEn.

1179 2592 1230 2614 xo.
1258 2582 1290 2613 F
1288 2590 1402 2614 ortmeoe
1425 2583 1524 2626 place!
1550 2584 1613 2616 hoc.
1634 2584 1752 2617 Rever-

1125 2629 1213 2662 laudi
1224 2631 1298 2663 MS.
1310 2650 1358 2657 -—
1372 2631 1452 2670 Hoc,
1468 2633 1616 2670 Fortuna,
1628 2633 1755 2676 placet?

1126 2679 1234 2718 Cur,o
1247 2679 1402 2720 Fortuna,
1412 2680 1627 2713 Posthumum
1637 2682 1757 2721 beasti,

1513 2741 1524 2757 Ι

1440 2757 1495 2798 27
