2447 3518
907 444 964 484 M.
987 443 1117 487 VAL.
1153 444 1544 487 MARTIALIS..

1096 571 1334 624 XXXII.

919 715 978 741 DE
1015 713 1158 742 DAMA
1192 716 1250 742 ΕΤ
1284 714 1511 744 CANIBUS.

613 823 723 857 Dama
744 820 1038 868 persequentibus
1054 820 1201 856 canibus
1219 821 1264 856 ad
1281 821 1391 868 pedes
1408 822 1554 858 Caesaris
1573 823 1751 871 confugit,
1771 825 1819 859 ibi

1083 877 1262 913 inviolata.
1281 881 1347 914 En.

631 984 828 1026 CONcl'rA
851 981 1007 1024 veloces
1031 981 1188 1039 fugeret
1210 997 1334 1040 quum
1357 982 1476 1026 dama
1498 983 1717 1037 molossos,

695 1049 749 1088 Et
775 1047 886 1089 varia
912 1046 1095 1103 obliquas
1120 1055 1299 1089 necteret
1324 1057 1410 1090 arte
1433 1063 1591 1101 moras3

631 1113 801 1155 Caesaris
822 1120 916 1154 ante
938 1111 1061 1169 pedes
1083 1111 1270 1169 suppiex,
1290 1112 1511 1170 similisque
1532 1116 1691 1172 roganti

695 1177 905 1229 Constitit3
928 1185 969 1218 et
993 1176 1169 1234 praedam
1193 1192 1276 1219 non
1300 1178 1467 1236 tetigere
1489 1193 1620 1221 canes.

1221 1271 1563 1285 ..........

694 1309 790 1349 Haec
810 1305 1013 1349 intellecto
1033 1307 1218 1364 principe
1237 1307 1342 1349 dona
1365 1306 1466 1349 tulit.

629 1410 733 1472 Πρὸξ
756 1414 952 1470 κερόεσσα,
980 1414 1082 1461 κύνες
1104 1408 1224 1461 πόδας
1250 1414 1359 1462 ὠκέες
1382 1417 1430 1462 ὥς
1455 1430 1517 1470 μιν
1540 1414 1707 1467 ἔλαυνον,

697 1470 771 1519 Ηδ’
794 1479 929 1526 αὐτοὺς
951 1483 1115 1526 σκολιαῖς
1140 1473 1209 1520 δὴν
1230 1481 1395 1536 ἐλέφαιρε
1420 1476 1577 1536 τριὲαῖς,

631 1535 822 1609 Ηγςξιόνος
843 1545 915 1600 πρὸ
937 1539 1069 1584 ποδοῖν
1093 1544 1341 1601 γουνουμένη,
1364 1542 1425 1585 οἷα
1445 1550 1657 1601 προσῖκτις,

694 1611 801 1661 Em,
827 1615 894 1655 τῆς
924 1603 961 1649 δ’

988 1607 1104 1666 ἄγρης
1127 1608 1161 1649 οἱ
1188 1610 1289 1656 κύνες
1313 1610 1381 1649 οὐκ
1404 1608 1535 1667 ἔθιγον.

692 1733 810 1784 Τῆνδ’
830 1738 960 1796 ἤνεγκε
981 1738 1107 1795 χάριν,
1132 1738 1321 1795 Καίσαρος
1344 1738 1553 1794 αἰσθομένη.

617 1864 648 1884 2.
661 1852 706 1882 Et
713 1861 795 1882 vana
804 1850 935 1893 prefert
943 1850 1019 1882 Ant.
1032 1848 1075 1881 de
1087 1850 1192 1892 Rooy,

565 1899 652 1944 quod
671 1899 834 1942 improbat
852 1898 903 1930 vir
923 1897 1054 1941 quidam
1076 1897 1190 1930 doctus

566 1950 599 1980 in
611 1949 702 1991 epist.
710 1948 781 1980 crit.
792 1947 832 1979 ad
840 1946 988 1978 eumdem
999 1947 1189 1980 Antonium.

565 1999 617 2030 Tu
633 1997 786 2039 corrigis,
804 1996 927 2039 inquit,
945 2007 1046 2032 ἰἀηιη
1064 1995 1118 2027 sed
1138 1995 1189 2033 id,

565 2045 657 2089 quod
686 2057 765 2088 pace
794 2053 848 2076 tua
874 2043 1032 2084 dixerim,
1059 2043 1189 2076 absurdi

565 2094 645 2138 quid
665 2094 771 2125 habet.
791 2094 847 2125 Uti
865 2094 950 2125 euim
972 2092 1063 2125 facile
1082 2100 1188 2136 patet,

565 2143 624 2175 etsi
640 2141 775 2186 perinde
794 2154 845 2174 res
867 2142 970 2182 soret,
992 2150 1097 2175 tamen
1116 2141 1188 2173 inu-

565 2193 653 2224 tilem
683 2203 742 2223 nec
768 2191 978 2223 necessariam
1012 2192 1096 2223 hanc
1122 2202 1189 2222 esse

564 2240 822 2273 emendationem
840 2251 846 2271 :
865 2240 908 2271 ita
924 2240 964 2271 ab
984 2239 1082 2271 altera
1098 2248 1190 2283 parte

564 2302 645 2320 vana
666 2288 791 2321 admitti
811 2289 906 2331 plane
923 2300 988 2320 non
1012 2296 1136 2331 potest,
1156 2296 1189 2320 et

566 2339 664 2370 menti
695 2339 801 2369 Poetoe
828 2336 1025 2369 adversatur.
1053 2353 1065 2364 ιι
1085 2337 1189 2368 Elusit

566 2388 653 2418 enim
680 2398 774 2418 canes
792 2385 888 2418 dama
909 2402 921 2414 ι
934 2410 942 2424 ,
967 2398 1040 2418 nam
1060 2385 1099 2418 ad
1119 2387 1187 2418 Coe-

567 2447 669 2467 sorcin
688 2436 796 2472 venit3
815 2439 967 2478 variaque
986 2435 1084 2466 elusit
1101 2442 1164 2465 aru·
1178 2458 1197 2470 ,.

567 2492 602 2516 ut
636 2485 763 2527 lepores
780 2508 789 2522 ,
814 2492 875 2515 ete.
907 2482 1071 2522 adsoleut;
1099 2482 1188 2526 qnod

565 2534 763 2576 perelegans.
784 2533 846 2563 Alii
864 2534 995 2574 legunt:
1015 2548 1027 2561 ι
1044 2533 1085 2564 Et
1101 2532 1188 2563 varia

565 2582 675 2625 lyncas
695 2588 839 2612 necteret
865 2589 932 2612 arte
953 2581 1189 2612 mom—Hoc

565 2631 760 2673 epigramma
778 2630 978 2672 trigesimum
996 2628 1110 2661 ordine
1130 2641 1188 2672 po-

564 2680 662 2711 situm
680 2688 725 2711 cst
748 2679 781 2710 in
801 2677 854 2710 ed.
870 2679 986 2722 Delph.
1004 2686 1035 2710 et
1053 2679 1187 2721 quibus·

1244 1848 1318 1882 darn
1336 1850 1405 1882 aliis
1416 1873 1425 1889 ‚
1440 1849 1494 1882 uhi
1509 1859 1574 1882 tres
1590 1850 1637 1883 ini
1648 1850 1757 1884 ultimi
1770 1853 1872 1885 assuti

1243 1910 1373 1936 versus,
1398 1910 1478 1941 quos
1501 1900 1717 1942 fragmentum
1739 1913 1871 1933 nuncu·

1243 1955 1298 1990 pat
1314 1946 1364 1978 ed.
1385 1947 1458 1980 Par.
1480 1949 1581 1990 1754.

1294 1999 1326 2033 4.
1355 1996 1423 2027 Non
1452 1999 1581 2038 tetigere.
1612 1997 1719 2029 Veriti
1748 1998 1872 2031 scilicet

1242 2055 1364 2076 numen
1382 2045 1559 2077 Domitiani
1579 2045 1619 2078 ad
1637 2058 1734 2089 quem
1753 2048 1872 2079 coufu-

1242 2101 1330 2136 gerat
1348 2092 1451 2125 dama.

1292 2144 1324 2173 6.
1339 2143 1414 2173 Ha«-
1429 2143 1582 2174 intellecto.
1596 2143 1701 2184 Hujus
1715 2144 1871 2177 carminis

1243 2190 1413 2234 explicatio
1431 2190 1552 2234 pendet
1569 2203 1611 2223 cx
1630 2192 1790 2234 superiori
1812 2193 1871 2224 hc-

1243 2247 1385 2271 xametro
1416 2239 1505 2282 quod
1533 2239 1633 2272 deest.
1665 2241 1727 2271 Hic.
1757 2253 1872 2274 sensus

1241 2288 1356 2331 conjici
1372 2296 1477 2331 potest
1489 2300 1496 2320 :
1509 2289 1607 2320 vitam
1621 2288 1765 2321 obtinuit
1776 2291 1871 2333 quasi

1242 2336 1422 2368 mercedem
1444 2338 1518 2379 quia
1538 2336 1719 2381 principem
1740 2338 1871 2371 intelle-

1242 2393 1372 2417 xerntet
1382 2394 1569 2428 agnoverat3
1578 2398 1642 2418 non
1654 2385 1871 2420 difficillimus

1243 2433 1372 2476 quidem
1384 2436 1530 2477 conjectu
1542 2447 1778 2478 sensus‚quum
1791 2436 1872 2468 adu·

1243 2483 1397 2514 lationem
1426 2484 1547 2526 ubique
1572 2483 1714 2515 redoleat
1743 2493 1774 2516 ct
1805 2485 1871 2517 hoe.

1243 2531 1329 2563 idem
1348 2531 1388 2563 de
1404 2532 1537 2563 Caesaris
1556 2535 1671 2563 numine
1688 2531 1819 2565 dictitet
1834 2534 1869 2566 in

1243 2580 1332 2611 mille
1344 2581 1422 2611 locis
1437 2580 1585 2612 adulator
1601 2582 1758 2613 Martialis
1773 2594 1782 2612 ε
1799 2582 1867 2613 vid.

1242 2629 1344 2672 epigr.
1365 2641 1437 2661 xvn
1453 2653 1461 2667 ‚
1480 2641 1576 2672 supra
1592 2644 1600 2664 ι
1622 2630 1679 2661 lib.
1701 2631 1716 2661 1
1729 2653 1740 2669 ,
1760 2631 1869 2673 epigr.

1243 2689 1292 2708 vn
1305 2701 1314 2717 ‚
1332 2690 1387 2715 xv,
1407 2688 1465 2716 cv,
1483 2687 1562 2718 erc„
1580 2687 1642 2711 etc.
1662 2679 1724 2710 En.
