2447 3518
816 460 1361 506 EPI'GRAMMATUM
1393 464 1509 506 LIB.
1544 463 1624 505 IV.

1783 460 1874 514 [205

1075 614 1369 668 XXVIII.

1039 763 1107 791 sn
1157 743 1407 793 canolam*

767 883 969 931 Donss'rt
995 890 1156 936 tenero,
1183 881 1333 935 Chloe,
1354 884 1543 941 Luperco

764 949 966 1006 Hispanas
975 980 987 1001 ‚
1002 948 1222 1006 Tyriasque
1231 981 1244 1001 ‚
1264 948 1530 1006 coccinasque
1539 980 1552 1001 ‚

768 1013 824 1055 Et
850 1011 975 1056 lotam
1001 1012 1139 1071 tepido
1165 1022 1303 1071 togam
1330 1012 1501 1065 Galeso,

769 1077 893 1120 Indos
918 1077 1209 1136 sardonychas,
1232 1078 1403 1136 Scythas
1428 1076 1683 1136 smaragdos,

763 1142 817 1185 Et
842 1152 1005 1185 centum
1028 1142 1217 1185 dominos
1242 1158 1359 1185 novae
1383 1151 1577 1196 monetae,
1857 1157 1872 1181 ⁵

753 1204 819 1250 'Et
843 1208 1039 1266 quidquid
1062 1209 1164 1266 petit
1187 1223 1314 1266 usque
1341 1217 1383 1250 et
1409 1223 1538 1266 usque
1563 1206 1702 1250 donas.

619 1336 634 1352 ⁶
650 1341 736 1374 Huic
752 1342 895 1375 Fabulla
916 1339 1010 1386 (sup.
1021 1343 1126 1387 epigr.
1139 1340 1194 1382 xx)

570 1389 660 1422 baud
682 1391 861 1424 absimilem
890 1391 1017 1425 deridet
1047 1392 1195 1432 Chloen,

569 1450 666 1482 quam
695 1441 847 1473 omnibus
873 1441 969 1474 bonis
994 1441 1028 1473 in
1058 1441 1194 1485 gratiam

570 1489 706 1520 amantis
730 1490 780 1520 sui
809 1490 948 1533 Luperci
967 1501 1000 1522 se
1024 1489 1195 1523 denudan-

570 1543 653 1576 tem,
667 1537 787 1570 nudam
802 1538 946 1571 relictam
962 1538 1002 1570 iri
1014 1550 1033 1570 a
1045 1539 1196 1583 Luperco

570 1585 617 1617 ait
633 1586 744 1619 Poeta.
768 1587 955 1630 Lupercus,
977 1598 1097 1619 nomen
1117 1599 1196 1631 pro·

570 1634 680 1677 prium
691 1658 701 1674 ‚
713 1642 745 1666 at
759 1635 900 1679 Luperci
914 1637 947 1668 in
959 1636 1194 1680 Lupercalibus

570 1682 668 1716 ludus
683 1685 819 1727 agebant
832 1683 933 1724 nudi,
948 1684 987 1717 ad
1006 1684 1096 1728 quod
1114 1686 1195 1717 allu-

570 1730 621 1764 dit
642 1733 809 1765 Martialis.
825 1733 918 1776 Virg.
942 1732 1070 1766 AEneid.
1090 1734 1194 1774 VIII,

571 1781 659 1821 663;
677 1797 691 1810 ι
706 1780 875 1826 nudosque
896 1783 1076 1825 Lupercos.
1092 1798 1106 1811 ι
1130 1783 1192 1816 En.

625 1845 652 1863 1.
677 1832 797 1863 Temo.
819 1830 1090 1870 Adolescentulo‚
1114 1830 1196 1864 deli-

570 1886 667 1912 cato:
684 1878 771 1912 idem
798 1888 846 1912 est
864 1878 955 1924 quod
967 1879 1090 1922 gracilis
1106 1878 1195 1925 apud

570 1927 684 1961 Horat.
704 1928 762 1961 lib.
778 1929 793 1960 1
805 1953 814 1968 ‚
830 1928 887 1964 od,
911 1930 950 1969 ὅς
966 1938 999 1962 et
1017 1928 1104 1973 apud
1125 1930 1194 1962 No·

570 1984 695 2015 strum,
717 1977 774 2010 lib.
795 1978 863 2018 xl,
885 1978 987 2022 epigr.
1004 1990 1095 2017 κων,
1111 1990 1142 2011 v.
1161 1984 1194 2018 4.

620 2039 650 2059 a.
675 2026 828 2069 Hispanas
855 2028 1018 2071 Tyriasque
1047 2029 1195 2059 coccinus-

570 2086 644 2118 que,
665 2081 727 2107 etc.
745 2075 890 2109 Subaud.
907 2077 1061 2109 lacernas.
1077 2091 1121 2097 —
1138 2077 1196 2109 Hs·-

568 2134 686 2166 spanes.
709 2124 737 2156 E
760 2124 834 2157 lana
855 2125 972 2158 Bustica
992 2135 1000 2158 :
1019 2125 1132 2165 Batia,
1158 2133 1195 2157 ut

568 2171 755 2205 Clitumnus
788 2182 820 2207 et
840 2174 990 2213 Galesus,
1011 2173 1194 2217 pecudibus

568 2221 675 2254 bonus
704 2221 837 2256 alendis.
856 2222 934 2256 Vid.
949 2224 969 2254 J
973 2223 1116 2256 uvenalis
1133 2231 1194 2256 sat.

568 2270 659 2303 XII:
681 2286 695 2299 «
710 2278 832 2304 vestem
851 2272 1054 2316 Purpuream
1074 2272 1196 2305 teneris

569 2329 702 2363 quoque
712 2319 945 2353 Maecenatibus
954 2329 1060 2365 aptam
1070 2345 1080 2360 ,
1089 2322 1195 2365 Atque

568 2367 647 2401 alias
682 2380 823 2412 quarum
860 2371 1008 2413 generosi
1041 2370 1196 2413 graminis

568 2415 675 2459 ipsum
693 2418 810 2450 Infecit
824 2426 937 2451 natura
955 2430 1069 2462 pecus..
1088 2419 1145 2451 sed
1164 2427 1196 2453 et

568 2466 714 2509 egregius
738 2466 809 2498 fons
831 2467 967 2500 Viribus
985 2467 1141 2506 occultis,
1163 2477 1196 2501 et

567 2514 706 2547 Baeticns
724 2515 856 2560 adjuvat
867 2527 934 2549 ner.
951 2532 965 2545 a
983 2516 1135 2560 Hispana
1147 2524 1194 2549 ta·

567 2573 645 2596 rnen
661 2575 719 2596 seu
732 2565 858 2598 Baeticae
869 2566 1003 2598 lacerno
1018 2577 1085 2597 non
1098 2566 1194 2609 vulgo

566 2611 713 2645 delicatis
725 2622 898 2658 usurpatae,
906 2615 981 2658 quia
989 2614 1109 2653 nativo,
1124 2626 1193 2648 non

567 2661 727 2695 artificiali
748 2663 858 2695 colore
877 2663 1093 2707 tingebantur.
1113 2661 1191 2696 Vid.

566 2709 628 2744 lib.
645 2712 678 2751 1,
691 2711 794 2756 epigr.
811 2723 926 2752 xevn,
945 2723 976 2748 v,
1000 2713 1031 2745 5.
1048 2713 1112 2746 En.

1299 1343 1319 1376 3
1330 1365 1342 1382 ,
1360 1347 1393 1382 4.
1413 1342 1457 1378 Hi
1475 1342 1542 1376 duo
1560 1353 1672 1376 versus
1687 1343 1873 1388 transpositi

1248 1399 1327 1424 sunt
1352 1392 1386 1425 in
1409 1390 1484 1425 Ald.
1511 1392 1604 1425 Jnnt.
1626 1399 1659 1425 et
1676 1391 1748 1425 Col.
1762 1412 1813 1419 -·
1830 1392 1874 1423 Ec

1248 1441 1338 1472 lotam
1355 1441 1473 1484 tepido,
1491 1448 1554 1474 etc.
1572 1440 1650 1473 Vid.
1665 1440 1725 1474 lib.
1739 1441 1790 1481 11,
1808 1441 1874 1485 epi-

1247 1500 1295 1532 gr.
1316 1501 1402 1522 nur
1415 1514 1426 1528 ‚
1441 1501 1489 1523 vs.
1506 1489 1538 1523 3.

1298 1542 1328 1576 4.
1340 1538 1430 1570 Indos
1444 1539 1653 1582 sardonychas.
1666 1537 1747 1570 Vid.
1758 1538 1817 1570 lib.
1829 1538 1873 1576 11,

1247 1586 1351 1630 epigr.
1368 1598 1466 1628 xxu,
1481 1599 1528 1620 vs.
1552 1599 1583 1620 a.
1606 1607 1656 1613 -—
1680 1586 1872 1629 Smaragdos.

1248 1635 1372 1668 Gallice
1389 1635 1565 1668 emer-audes.

1299 1684 1331 1718 5.
1359 1684 1406 1717 Ee
1436 1692 1550 1716 centum
1575 1696 1706 1716 numeros
1735 1684 1770 1716 in
1796 1683 1874 1716 Ald.

1247 1733 1340 1765 Junt.
1371 1741 1404 1765 et
1432 1733 1540 1766 Colin.
1573 1745 1703 1765 nummos·
1729 1733 1764 1765 in
1791 1732 1872 1765 aliis.

1248 1776 1366 1814 Nffinus
1382 1776 1577 1822 (nwnmus),
1588 1791 1620 1814 et
1636 1776 1757 1820 ruffum,
1774 1780 1809 1814 id
1826 1790 1874 1814 est

1248 1842 1381 1862 'uumerus
1394 1856 1403 1869 ,
1436 1830 1610 1874 sepissime
1638 1837 1819 1875 permutata
1855 1842 1872 1862 a

1247 1878 1401 1912 librariis.
1417 1898 1465 1906 --
1486 1879 1640 1911 Dominus.
1659 1879 1751 1912 Hanc
1765 1879 1875 1912 lectio-

1247 1939 1322 1961 nem
1341 1939 1361 1962 e
1378 1928 1479 1962 veteri
1492 1927 1605 1961 codiee
1617 1939 1798 1974 expressam
1811 1939 1872 1961 οε-

1248 1977 1325 2010 teris
1338 1977 1584 2021 anteponimus,
1600 1977 1874 2021 intelligimusque

1247 2034 1379 2059 centum
1410 2037 1563 2059 nummos
1592 2026 1734 2070 signatos
1764 2025 1873 2070 effigie

1247 2075 1425 2107 Domitiani
1450 2076 1507 2119 qui
1534 2077 1621 2107 Dens
1647 2075 1873 2118 Dominusque

1247 2124 1478 2169 appellabatur.
1494 2124 1549 2157 Sic
1561 2124 1677 2157 Horat.
1695 2125 1765 2157 Art.
1780 2124 1870 2156 Poet.

1247 2172 1290 2205 de
1314 2173 1457 2207 Chen-ilo
1480 2181 1598 2217 poeta:
1616 2189 1631 2202 ι
1653 2173 1790 2206 Rettulit
1819 2185 1873 2206 ac-

1248 2229 1371 2266 ceptos,
1377 2223 1482 2266 regale
1488 2223 1846 2265 numisma,Philippos.
1854 2238 1867 2252 ι

1249 2272 1361 2305 Exstat
1392 2271 1491 2304 etiam
1523 2278 1656 2304 moneta
1683 2271 1848 2304 recentior
1861 2296 1871 2309 ‚

1249 2331 1322 2364 quse
1341 2319 1456 2352 eodem
1474 2330 1572 2352 sensu
1587 2327 1740 2360 vocatur,
1755 2332 1795 2352 un
1807 2332 1873 2352 sou-

1251 2371 1358 2402 min.
1376 2368 1539 2401 Domitius
1555 2368 1706 2413 intelligit
1721 2368 1849 2401 Flavio·
1862 2381 1869 2401 :

1250 2430 1325 2451 nam
1342 2417 1444 2451 Flavii
1458 2426 1550 2451 erant
1562 2429 1580 2450 a
1597 2417 1715 2450 Flaviis
1733 2417 1873 2462 impera·

1253 2467 1382 2500 toribus
1406 2467 1540 2511 signati,
1560 2467 1625 2499 hoe
1651 2474 1700 2499 est
1717 2491 1726 2506 ,
1747 2467 1871 2510 Vespa-

1251 2516 1343 2549 siano
1351 2540 1360 2556 ,
1372 2517 1450 2550 Tito
1462 2523 1496 2549 et
1509 2515 1696 2549 Domitiano
1706 2540 1716 2555 ,
1731 2527 1872 2559 quorum

1247 2564 1331 2598 illud
1350 2574 1417 2598 erat
1433 2576 1627 2609 cognomen.
1638 2584 1688 2591 -——
1698 2565 1792 2596 Novoe
1811 2576 1874 2596 mo-

1247 2622 1333 2647 netoe.
1359 2615 1440 2655 Qun
1462 2614 1579 2658 majori
1605 2621 1676 2646 erat
1701 2613 1736 2645 in
1762 2613 1871 2656 pretio

1247 2674 1346 2706 quam
1360 2664 1454 2697 trita:
1465 2663 1543 2695 hine
1553 2673 1672 2695 munus
1685 2672 1781 2694 suum
1792 2661 1874 2695 insa-

1246 2723 1289 2744 na
1301 2713 1402 2755 magis
1416 2710 1668 2746 commendabat
1679 2710 1792 2744 Chloe.
1808 2711 1871 2746 Eu,

1595 2768 1680 2820 26³
