2447 3518
665 448 1208 491 EPIGRAMMATUM
1240 448 1358 490 LIB.
1393 449 1474 490 IV.

1628 447 1713 501 451

554 531 666 572 Dum
694 528 939 584 fabulamur,
957 528 1131 572 millibus
1150 528 1292 570 decem
1313 528 1413 571 dixti

546 596 715 652 Emptas
740 594 919 637 lacernas
942 609 1089 637 munus
1109 609 1196 636 esse
1214 593 1441 651 Pompillae3
1706 614 1719 638 s

553 659 814 717 Sardonycha
838 675 1003 713 verum,
1027 658 1219 717 lineisque
1243 667 1305 701 ter
1330 660 1526 713 cinctum,

421 799 520 836 atque
534 792 681 825 recitatio
695 800 949 836 exspectaretur,
960 793 1050 826 locus

423 848 491 873 erat
506 842 822 875 confabulationibus
841 842 1049 886 opportunis-

422 890 532 923 simus.
540 890 756 933 sequentibus
767 891 970 934 temporibus
982 902 1050 923 vox

421 939 521 970 schola
549 946 677 982 sumpta
706 946 754 971 est
778 951 839 983 pro
865 940 954 971 omni
978 940 1046 971 col-

423 987 517 1030 legio.
537 989 637 1020 Erant
663 987 779 1021 scholoe
797 988 1046 1032 jurisconsulto-

421 1047 495 1068 rum
512 1060 521 1075 ,
541 1036 574 1068 id
592 1044 657 1076 est,
671 1037 803 1079 collegia
818 1048 828 1076 ς
843 1036 933 1069 unde
950 1036 1047 1069 advo-

422 1085 486 1117 cati
509 1095 623 1117 eorum
647 1085 854 1128 collegiorum
880 1085 1046 1118 scholasti-

422 1134 451 1166 ci
468 1134 669 1166 vocabantur
694 1145 702 1166 :
724 1146 790 1177 quo
814 1134 948 1166 nomine
978 1134 1045 1179 pri-

423 1194 516 1214 mum
535 1183 714 1227 nuncupati
731 1189 806 1215 sunt
825 1183 992 1223 rhetores,
1010 1191 1046 1215 ut

422 1231 456 1263 in
471 1230 599 1275 dialogo
612 1227 653 1263 de
670 1232 852 1263 oratoribus
868 1232 980 1264 scribit
994 1232 1044 1264 vel

422 1280 554 1311 Tacitus
566 1304 577 1320 ‚
592 1280 642 1311 vel
660 1280 882 1319 Quintilianus
897 1287 930 1313 et
948 1280 1044 1312 etiam

421 1327 651 1361 declamatores
660 1329 766 1360 litium
775 1329 934 1362 fictarum.
948 1328 1045 1362 Unde

422 1378 610 1409 translatum
636 1389 756 1409 nomen
773 1377 815 1410 ad
833 1389 984 1411 verarum
1005 1378 1044 1409 li-

423 1427 506 1459 tium
530 1435 665 1459 actores.
693 1427 775 1458 Plin.
797 1427 890 1469 epist.
917 1427 973 1460 lib.
990 1427 1044 1467 11,

425 1476 459 1515 3,
472 1476 489 1507 5
505 1486 513 1507 :
532 1491 546 1504 ι
557 1474 675 1507 Adhuc
690 1476 897 1507 scholasticus
917 1483 1043 1507 tantum

422 1531 486 1557 est:
499 1536 565 1567 quo
577 1534 695 1567 genere
707 1524 878 1556 hominum
892 1524 976 1556 nihil
989 1532 1046 1556 aut

422 1572 578 1605 sincerius
594 1580 650 1605 aut
664 1573 788 1605 melius.
803 1573 870 1605 Nos
885 1574 972 1606 enim
987 1573 1044 1617 qui

423 1622 456 1654 in
484 1622 556 1654 foro
581 1621 729 1664 verisque
753 1622 864 1654 litibus
885 1623 1044 1662 terimur,

422 1671 560 1702 multum
573 1670 703 1702 malitiae
711 1693 721 1709 ‚
730 1670 877 1713 quamvis
887 1671 1044 1710 nolimus,

422 1718 628 1752 addiscimus.
644 1719 760 1751 Schola
777 1727 809 1751 et
827 1719 1024 1751 auditorium
1035 1743 1046 1760 ‚

423 1776 461 1801 ut
493 1768 566 1800 ficta
604 1779 696 1800 causa
714 1792 724 1807 ,
753 1768 797 1800 ita
827 1780 878 1801 res
913 1768 1046 1800 inermis

422 1816 554 1849 innoxia
571 1824 628 1849 est.
647 1833 660 1845 υ
689 1816 758 1849 Hac
774 1817 962 1860 acceptione
985 1817 1047 1849 uti-

423 1873 478 1898 tur
504 1877 544 1898 eo
574 1865 710 1898 nomine
737 1866 968 1898 Constantinus
988 1866 1046 1898 iin-

423 1922 555 1958 perator
583 1915 614 1947 in
647 1915 684 1945 L.
703 1915 820 1945 Praeter
838 1915 976 1946 solemnes
989 1938 998 1951 ,
1024 1927 1041 1948 a

424 1963 509 1997 cod.
530 1963 571 1996 de
596 1963 693 1995 Lucr.
716 1961 862 1996 advocat.
884 1963 942 1996 lib.
960 1963 1044 1994 XII:

428 2027 442 2041 ι
471 2013 593 2045 Praeter
624 2012 786 2044 solemnes
811 2020 843 2044 et
874 2012 1045 2044 canonicas

423 2061 673 2104 pensitationes,
693 2061 794 2092 multa
816 2073 834 2093 a
860 2060 1044 2104 provincia·

424 2110 513 2142 libus
543 2109 761 2153 indignissima
781 2111 987 2153 postulantur
1005 2109 1046 2141 ab

423 2159 616 2192 officialibus
630 2166 661 2191 et
674 2158 883 2191 scholasticis.
903 2174 915 2186 ι
937 2160 981 2191 Et
994 2158 1047 2191 lex

425 2207 459 2240 in
478 2207 560 2241 cod.
575 2206 807 2240 Theodosia-uo
823 2219 831 2240 ε
854 2224 866 2236 ι
884 2207 958 2239 Non
970 2207 1048 2239 latet

424 2256 648 2295 scholasticos,
665 2256 748 2287 ultra
760 2256 897 2288 modum
909 2256 1048 2300 acceptis

417 2305 609 2341 ,honorariis
622 2329 631 2343 ,
646 2305 680 2336 in
699 2304 920 2336 defensionem
941 2317 1047 2338 causa-

425 2366 497 2386 rum
521 2365 664 2386 annonas
685 2361 717 2385 et
739 2362 886 2396 sumptus
904 2354 1049 2397 accipere

425 2413 596 2435 consuesse
610 2419 622 2430 a
641 2413 649 2434 :
668 2410 700 2434 et
728 2402 796 2435 aliis
820 2402 931 2435 multis
947 2403 981 2434 in
1001 2403 1049 2434 lo-

425 2452 481 2484 cis.
496 2452 582 2484 Hinc
596 2451 730 2484 celebris
746 2450 885 2494 scriptor
901 2451 1051 2494 Agathias

425 2501 621 2541 historicus,
639 2508 669 2532 et
689 2508 783 2543 poeta
802 2511 939 2543 grazonis,
959 2499 1051 2532 scho-

425 2549 556 2581 lasticus
578 2549 778 2593 appellatur,
799 2549 855 2592 qui
877 2547 1051 2581 advocatus

426 2606 513 2636 erat,
537 2605 572 2630 ut
597 2598 667 2641 ipse
683 2606 817 2630 testatur
835 2597 892 2629 lib.
907 2598 958 2628 111
978 2597 1050 2629 init.

429 2653 460 2678 et
471 2646 565 2690 epist.
577 2646 617 2678 ad
627 2646 845 2678 Silentiarum.
861 2647 974 2678 Ramir.
988 2646 1050 2677 En.

479 2699 511 2733 4.
540 2694 673 2727 Millibus
698 2694 793 2727 decem
809 2720 817 2734 ,
843 2702 904 2727 etc.
936 2694 1052 2727 Dixisti

1100 792 1241 825 lacernas
1250 799 1331 831 tuus,
1342 796 1413 835 qum
1423 801 1538 836 empta
1551 802 1655 827 essent
1668 793 1722 828 de-

1100 852 1170 873 cem
1184 841 1336 873 sestertiis
1349 841 1543 884 majoribus,
1554 841 1589 875 id
1605 850 1653 875 est
1668 842 1724 876 de-

1098 901 1170 922 cem
1199 889 1344 921 millibus
1372 890 1537 923 minorum
1560 893 1722 925 sestertio-

1098 949 1175 970 rum
1183 962 1194 979 ,
1203 938 1264 971 tibi
1274 950 1341 971 esse
1354 941 1483 972 muneri
1495 938 1584 973 datas
1595 952 1612 972 a
1627 940 1724 974 Pom-

1096 987 1175 1030 pina
1190 986 1341 1031 quadam.

1149 1036 1180 1069 5.
1194 1037 1317 1078 Emptas
1330 1036 1470 1069 lucernas.
1483 1038 1626 1070 Lacemn
1639 1045 1722 1083 togoe

1097 1084 1397 1127 sapei-induebatur
1413 1084 1453 1116 ad
1467 1084 1647 1119 arcendum
1661 1089 1721 1121 sri-

1096 1145 1155 1176 gus
1166 1156 1176 1172 ‚
1207 1134 1316 1177 inquit
1344 1134 1497 1177 Bayfius;
1520 1133 1596 1167 vide
1623 1136 1721 1169 etiam

1095 1181 1175 1225 quid
1189 1181 1230 1214 de
1252 1183 1388 1215 lacernis
1407 1181 1600 1224 dixerimus,
1617 1185 1721 1229 epigr,

1096 1241 1124 1262 n
1140 1230 1237 1274 hujus
1255 1231 1347 1270 libri,
1364 1238 1395 1263 et
1416 1232 1526 1264 multis
1539 1232 1609 1264 aliis
1625 1233 1718 1267 locis.

1095 1279 1158 1311 En.
1171 1298 1222 1305 —-
1234 1280 1399 1322 Pompilloe.
1412 1279 1547 1313 Clientes
1559 1281 1719 1323 Mancini;

1095 1329 1147 1360 vel
1164 1328 1270 1360 viduae
1285 1328 1407 1361 divitis.

1145 1379 1176 1408 6.
1200 1377 1388 1420 Sardonychs
1409 1389 1483 1409 aum
1506 1378 1657 1423 linteisque
1676 1388 1721 1412 ter·

1094 1427 1219 1457 cinctum
1246 1425 1280 1458 in
1306 1425 1381 1458 Ald.
1406 1427 1498 1459 Junt.
1529 1427 1636 1461 Colin.
1657 1438 1719 1463 etc.

1094 1473 1302 1519 Sardonychas
1319 1488 1393 1507 aum
1414 1476 1563 1519 linteisque
1584 1484 1630 1508 ter
1650 1480 1719 1510 vin-

1095 1531 1156 1554 ctos
1173 1525 1204 1555 iu
1221 1524 1301 1556 aliis.
1321 1525 1519 1567 Samiario-cluis
1538 1529 1617 1557 veris
1641 1527 1719 1560 citat

1096 1571 1315 1612 Pulmannus,
1340 1581 1372 1606 et
1395 1573 1588 1617 Sardonycha
1617 1587 1719 1608 ver-mn

1095 1620 1156 1663 legi
1172 1621 1280 1663 jussit.
1297 1620 1410 1654 Codex
1425 1622 1588 1654 Palatinus
1598 1623 1718 1657 habet:

1095 1670 1316 1714 Lschenilisque
1326 1678 1454 1713 ceffrmm
1462 1683 1475 1709 ,·
1488 1670 1575 1702 unde
1584 1672 1609 1702 H
1616 1680 1720 1715 utger-

1095 1719 1161 1750 sius
1170 1720 1257 1762 conj.
1269 1720 1400 1759 chhm'n
1413 1727 1500 1763 atque
1509 1722 1610 1751 cer-itin
1619 1745 1629 1759 ,
1646 1733 1719 1764 quae

1095 1768 1227 1799 nomina
1251 1779 1476 1811 genimaruiu3
1502 1769 1718 1813 (relinidemque

1096 1823 1125 1846 et
1137 1818 1252 1847 cer-item
1270 1825 1375 1849 tamen
1393 1829 1431 1849 ex
1449 1817 1544 1848 Palat
1564 1818 1642 1851 vitat
1658 1820 1717 1851 Be-

1095 1864 1279 1897 verlandus.
1308 1885 1357 1890 —
1384 1865 1576 1910 Sardonycnlu
1604 1879 1716 1901 verum.

1097 1913 1151 1946 Sic
1173 1914 1230 1946 lib.
1257 1914 1325 1953 lx,
1351 1914 1452 1958 epigr.
1480 1927 1539 1953 Lx,
1568 1927 1615 1948 vs.
1650 1927 1715 1958 19:

1100 1979 1114 1991 ι
1135 1961 1360 2007 Sardonychas
1373 1975 1467 1995 veros
1478 1975 1587 1996 mensa
1605 1965 1719 2009 quaesi·

1096 2010 1142 2043 vit
1162 2012 1195 2043 in
1212 2012 1303 2044 omni
1318 2028 1331 2040 ι
1346 2035 1355 2049 ,
1369 2010 1404 2043 id
1420 2019 1484 2051 est,
1505 2023 1573 2044 non
1592 2013 1718 2047 adulte-

1095 2059 1195 2092 rinos.
1218 2060 1301 2092 Sunt
1317 2061 1404 2092 enim
1419 2068 1451 2093 et
1471 2061 1560 2102 falsi3
1579 2062 1636 2105 qni
1654 2062 1719 2096 dif-

1098 2108 1184 2141 ficile
1199 2120 1216 2140 a
1235 2110 1319 2141 veris
1333 2108 1574 2143 discernuntur.
1597 2111 1722 2144 Plinius

1099 2157 1228 2190 XXXV
1230 2159 1262 2190 11
1271 2181 1280 2196 ,
1294 2170 1364 2200 cap.
1385 2169 1421 2191 n
1437 2170 1446 2189 z
1465 2175 1479 2188 ι
1495 2157 1723 2204 Sardonycha

1100 2218 1118 2238 e
1141 2207 1311 2239 Cerauniis
1336 2198 1543 2249 glutssantur
1568 2210 1723 2251 gemmis,

1101 2255 1144 2287 ita
1162 2264 1198 2287 ut
1214 2267 1265 2287 ars
1288 2255 1487 2298 deprehendi
1510 2268 1574 2289 non
1602 2259 1721 2300 possit,

1100 2304 1232 2336 aliunde
1257 2305 1350 2348 nigro
1368 2329 1377 2345 ‚
1401 2304 1533 2337 aliunde
1560 2305 1700 2338 candido
1716 2331 1726 2348 ,

1103 2352 1234 2385 aliunde
1267 2353 1369 2385 minio
1398 2354 1577 2397 sumptisn.
1595 2374 1644 2381 --
1668 2356 1727 2388 Est

1103 2401 1265 2446 sardonyx
1280 2426 1290 2442 ‚
1309 2402 1445 2434 sarduine
1458 2427 1467 2440 ,
1496 2413 1621 2446 gemma
1647 2405 1727 2437 sub·

1104 2452 1202 2483 rubra
1219 2459 1251 2483 et
1270 2450 1467 2483 subcandida
1480 2475 1490 2490 ,
1509 2452 1653 2485 colorem
1668 2453 1726 2486 ha·

1103 2501 1183 2532 bens
1206 2499 1311 2532 Sat-dii
1335 2499 1436 2543 lapilli
1454 2499 1512 2544 qui
1536 2501 1676 2540 ruben&
1695 2511 1727 2534 et
1774 2511 1778 2514 ·

1104 2549 1261 2592 onychis,
1284 2549 1342 2592 qui
1361 2550 1429 2580 sere
1444 2549 1538 2581 albus
1558 2557 1614 2581 est.
1644 2550 1728 2582 Vide

1105 2597 1162 2629 lib.
1180 2598 1233 2636 11,
1245 2598 1347 2641 epigr.
1361 2608 1456 2637 xxix,
1475 2609 1519 2629 vs.
1540 2609 1557 2629 α
1570 2609 1580 2638 3
1593 2598 1650 2630 lib.
1667 2599 1730 2638 IV,

1107 2646 1209 2688 epigr.
1242 2657 1349 2678 xxvnt
1362 2671 1371 2685 ,
1390 2658 1435 2678 vs.
1464 2650 1495 2684 4.
1514 2660 1563 2667 -
1579 2647 1733 2691 Limia-que

1109 2702 1153 2725 ter
1168 2696 1305 2725 cinctum.
1322 2694 1446 2727 Plinius
1457 2718 1467 2732 ‚
1483 2694 1558 2727 loco
1574 2697 1670 2738 supra
1688 2697 1732 2728 ci-

1460 2759 1544 2818 29²
