2447 3518
654 480 1197 523 EPIGRAMMATUM
1231 481 1347 522 LIB.
1382 481 1461 522 IV.

1619 479 1711 539 459

602 562 690 603 Vos
717 565 826 604 nun'c
848 562 984 603 omnia
1007 575 1134 619 parva
1157 561 1225 618 qui
1250 562 1421 618 putatis,

607 627 792 669 Centeno
819 625 994 684 gelidum
1021 625 1155 685 ligone
1178 625 1324 678 Tibur,

605 690 682 732 Vel
706 692 905 733 Praeneste
932 691 1094 733 domate
1108 721 1120 742 ,
1146 690 1444 748 pendulamque

603 756 687 797 Uni
713 755 847 798 dedite
870 757 1020 797 Setiam
1043 755 1215 814 colono3

603 822 715 863 Dum
732 854 743 873 ,
765 836 831 863 me
851 820 1011 878 judice,
1031 821 1298 879 praeferantur
1320 820 1404 863 istis
1682 841 1713 864 2⁵

603 887 625 927 J
630 885 682 927 uli
704 886 847 944 jugera
874 901 1003 944 pauca
1026 885 1238 929 Martialis.
1617 886 1632 895 ⁸

462 1012 518 1047 31.
537 1014 577 1045 In
597 1012 788 1046 Beverlandi
805 1014 875 1047 MS.
894 1026 961 1058 quae
978 1025 1036 1056 pu·

413 1064 494 1094 eatis.
513 1081 561 1089 —·
575 1063 623 1094 Ite
639 1074 727 1094 nunc
743 1074 820 1101 vos,
836 1074 857 1094 o
874 1062 953 1094 lauti
976 1062 1033 1094 ho-

375 1146 378 1150 ,
412 1112 516 1144 mines
525 1135 535 1151 ‚
546 1112 665 1155 quibus
674 1123 789 1143 ornnes
799 1111 883 1143 vinae
893 1110 1038 1150 sordent,

415 1168 568 1204 tanquam
595 1161 737 1203 exigua,
761 1172 830 1204 prae
853 1161 967 1192 vestris
989 1159 1039 1192 in-

412 1209 565 1253 gentibus
589 1208 792 1250 latifundiis;
817 1216 904 1241 ante
927 1216 960 1240 et
983 1221 1039 1241 co-

413 1258 470 1291 lite
478 1280 489 1297 ‚
500 1269 560 1302 per
570 1269 622 1290 me
635 1258 711 1291 licet
720 1281 730 1299 ,
742 1265 871 1291 centum
885 1257 998 1290 aratris
1008 1265 1040 1289 et

414 1315 544 1340 centum
565 1307 729 1351 ligonibus
745 1307 918 1339 Tiburtina
934 1313 1041 1340 vestra

416 1355 538 1398 pradia
556 1362 588 1388 εἴ
611 1356 829 1395 Praenesn‘na3
849 1356 915 1388 imo
934 1363 1040 1388 totum

414 1416 526 1449 agrum
545 1405 693 1437 Setinum
715 1405 878 1445 obtinete,
894 1413 927 1437 et
945 1405 1003 1437 uni
1024 1415 1042 1436 e

414 1453 530 1486 vestris
541 1454 656 1486 villicis
666 1453 784 1486 tradite
797 1465 806 1486 :
818 1465 878 1497 ego
890 1454 959 1486 istis
974 1465 1043 1486 om-

414 1503 511 1536 nibus
536 1514 669 1546 parvam
695 1503 776 1535 Julii
799 1503 959 1535 Martialis
980 1502 1043 1535 vil·

415 1552 479 1584 lam
500 1559 675 1596 antepono,

466 1601 524 1633 32.
554 1600 683 1633 Centeno
684 1624 743 1633 .....
767 1601 874 1644 ligone.
901 1601 1044 1635 Centum

416 1649 517 1682 servis
529 1649 639 1693 ligone
655 1650 831 1682 utentibus.
846 1651 908 1683 En.
922 1669 971 1678 ——
986 1649 1045 1683 Ge-

417 1698 509 1731 !t'dum
511 1722 568 1732 .....
599 1699 704 1731 Tibur.
729 1698 808 1732 Vid.
829 1711 918 1743 supr.
940 1699 1043 1742 epigr.

418 1758 490 1780 uu
501 1772 511 1787 ,
526 1758 574 1780 vs.
594 1751 633 1788 ὃς
648 1755 682 1780 et
695 1747 800 1791 epigr.
819 1760 864 1780 ιι
877 1772 888 1787 ,
904 1756 966 1780 ete.
982 1755 1043 1780 etc.

468 1795 525 1831 33.
545 1797 706 1829 Praeneste.
728 1796 888 1830 Praeneste
907 1804 954 1829 est
969 1797 1046 1829 urbs

359 1850 362 1855 '
418 1845 527 1885 Latii,
551 1857 645 1879 nunc
671 1846 841 1877 Palestrina
856 1871 866 1886 ,
895 1846 930 1877 in
959 1846 1046 1879 clivo

419 1894 502 1931 sita,
532 1903 609 1928 octo
637 1895 738 1927 leucis
772 1895 874 1927 Roma
903 1894 1047 1936 distans,

418 1943 566 1987 pulchris
586 1944 699 1987 templi
726 1944 878 1977 Fortuna
900 1944 1048 1988 reliquiis

420 1993 609 2037 conspicua.
624 1993 689 2026 En.

1141 1014 1197 1053 34.
1225 1014 1284 1046 Um'
1301 1013 1408 1045 deditis
1426 1013 1522 1045 eatam
1543 1014 1578 1046 in
1598 1015 1716 1047 Rever-

1090 1061 1183 1095 landi
1199 1063 1268 1095 MS.
1292 1080 1341 1088 -—·
1368 1063 1430 1094 Uni
1445 1062 1551 1094 dedite.
1574 1063 1642 1094 Uni
1661 1074 1717 1095 co·

1090 1112 1170 1144 lono
1210 1112 1357 1144 Setinum
1399 1123 1511 1154 agrum
1543 1111 1716 1144 locandum

1092 1159 1183 1199 date,
1199 1161 1256 1204 qui
1284 1172 1360 1193 eum
1387 1161 1472 1192 colat
1497 1172 1572 1193 cum
1596 1161 1717 1193 familia

1092 1221 1159 1242 sua.
1185 1230 1235 1236 --
1251 1209 1364 1241 Unum
1385 1209 1539 1242 colonum
1560 1208 1659 1250 dicit,
1681 1217 1719 1242 ut

1092 1257 1243 1291 ostendat
1258 1258 1357 1291 fastus
1371 1257 1530 1298 divitum,
1540 1270 1622 1302 quos
1639 1259 1719 1291 allo·

1092 1307 1206 1351 quitur
1217 1331 1227 1347 ,
1245 1307 1367 1351 quique
1384 1307 1441 1340 uni
1463 1315 1590 1341 tantum
1603 1320 1643 1340 ex
1655 1308 1719 1340 vil-

1093 1356 1181 1393 licis.
1202 1369 1284 1400 quos
1300 1358 1489 1390 innumeros
1508 1356 1647 1397 habeut,
1661 1357 1720 1390 Se-

1082 1405 1171 1437 ‘tiam
1189 1405 1271 1438 dent
1290 1405 1471 1438 colendam.
1488 1407 1552 1438 En.
1568 1425 1619 1432 --
1637 1405 1720 1439 Setia

1099 1455 1212 1488 civitas
1231 1463 1280 1488 est
1297 1455 1333 1486 in
1355 1453 1497 1488 extrema
1515 1455 1600 1487 Latii
1628 1463 1721 1499 parte

1098 1515 1200 1548 supra
1218 1504 1339 1536 Forum
1357 1504 1453 1548 Appii
1466 1528 1476 1543 ,
1489 1503 1579 1536 unde
1595 1513 1628 1538 et
1639 1504 1723 1537 Seti-

1095 1564 1176 1585 num
1196 1553 1320 1585 vinum.
1342 1553 1415 1586 Lib.
1436 1553 1536 1592 XIII,
1560 1553 1722 1597 epig-ram-

1097 1609 1181 1634 mate
1214 1613 1285 1634 exn
1306 1614 1314 1635 :
1349 1618 1363 1631 ι
1387 1601 1531 1634 Pendula
1564 1602 1724 1634 Pontinos

1097 1662 1160 1694 qua
1173 1659 1295 1694 spectat
1307 1651 1394 1683 Setia
1405 1662 1546 1694 campos.
1557 1666 1572 1680 ι
1589 1650 1724 1683 Pendu-

1097 1700 1160 1732 lam
1180 1698 1261 1732 dicit
1277 1724 1286 1739 ‚
1303 1700 1378 1744 quia
1395 1700 1431 1732 in
1450 1708 1561 1732 monte
1577 1699 1638 1732 sita
1654 1708 1702 1732 est
1720 1723 1729 1739 ,

1097 1747 1186 1780 unde
1200 1749 1333 1781 videtur
1348 1748 1490 1792 pendere
1501 1749 1580 1781 urbs
1595 1749 1649 1780 illa
1662 1747 1722 1781 de-

1098 1809 1169 1830 cem
1184 1805 1218 1830 et
1233 1806 1309 1830 octo
1322 1797 1423 1830 leucis
1433 1797 1556 1830 distans
1570 1809 1588 1830 a
1602 1798 1705 1830 Roma
1714 1821 1726 1837 ,

1101 1845 1200 1879 hodie
1226 1847 1323 1880 seua
1333 1859 1347 1885 ,·
1373 1847 1428 1880 hie
1455 1847 1569 1891 templi
1595 1846 1726 1879 Saturni

1105 1894 1224 1929 rudera
1236 1895 1402 1928 videntur.
1412 1896 1474 1928 En.

1151 1944 1209 1977 36.
1240 1946 1325 1977 Tulli
1346 1944 1421 1978 edd.
1446 1953 1524 1978 vett.
1546 1953 1584 1978 ut
1608 1955 1729 1988 supra,

1101 2004 1197 2026 versu
1218 2005 1248 2027 1.

983 2116 1161 2172 LXV.

895 2269 957 2297 m:
991 2268 1229 2298 PmLAEM.
1248 2250 1267 2270 ⁴⁸

556 2386 713 2428 Ocum
737 2383 924 2427 Philaenis
946 2400 1108 2443 semper
1126 2384 1255 2427 altero
1278 2384 1422 2442 plorat.

554 2450 650 2505 Quo
677 2449 749 2492 fiat
773 2449 902 2503 istud,
919 2452 1113 2508 quaeritis,
1133 2449 1287 2500 modo?
1307 2449 1418 2493 lusca
1439 2459 1511 2494 est.

477 2571 492 2589 ⁴
502 2578 540 2609 In
553 2578 618 2610 hoc
631 2578 861 2621 epigrammate
870 2574 1053 2609 exhibendo

427 2638 494 2659 non
510 2628 636 2659 variam
657 2627 732 2659 libri
751 2626 864 2667 excusi
880 2634 934 2658 aut
956 2636 1054 2658 manu

429 2675 559 2708 exarati.

482 2737 513 2756 2.
543 2725 637 2756 Lusca
667 2731 718 2757 ese.
747 2724 902 2757 Miserum
932 2731 1055 2756 natura

1107 2576 1224 2609 vitium
1242 2577 1273 2609 in
1287 2577 1340 2609 illa
1351 2578 1487 2609 muliere
1499 2576 1612 2609 irridet
1622 2578 1732 2617 Poeta,

1107 2636 1179 2669 qum
1203 2627 1299 2657 oculo
1323 2627 1424 2658 altero
1451 2627 1620 2669 plorabat,
1644 2627 1732 2671 quod

1108 2674 1189 2706 alter
1205 2674 1344 2714 ‹lt-essen
1360 2683 1391 2706 et
1408 2676 1561 2718 plorasset
1578 2684 1735 2721 utroque,

1109 2723 1135 2755 ni
1155 2731 1330 2767 utrumque
1348 2724 1522 2756 habuisset.
1537 2724 1598 2757 En.
