2447 3518
835 441 1374 511 EPIGRAMMATUM
1407 469 1525 511 Lm.
1560 470 1639 512 1v.

1796 469 1888 529 399

713 547 778 591 Sic
801 547 992 607 prohibet
1013 557 1172 592 teneras
1194 563 1355 607 gemma
1377 547 1502 591 latere
1522 564 1645 593 rosas.

644 612 809 666 Insilui,
828 628 1064 671 mersusque
1081 614 1195 657 vadis
1214 613 1410 657 luctantia
1426 615 1559 673 carpsi

709 679 825 722 Basia
848 694 857 720 :
884 679 1106 738 perspicuae
1128 678 1219 738 plus
1245 680 1427 723 vetuistis
1448 694 1573 738 aquae.

708 808 931 864 Κρόςαλλός
948 823 992 848 τε
1004 807 1131 849 λαθεῖν
1149 810 1218 850 οὐκ
1232 808 1303 849 ἐσία
1319 808 1371 849 τὰ
1389 802 1498 865 ῥόδα.

645 867 784 921 Εἰσδὺς
805 874 879 931 ἐγὼ
895 873 942 914 τὸ
959 874 1136 930 λοετρὸν,
1153 873 1393 930 ἀναινομένην
1412 872 1583 929 ἐφίλησα·

707 939 786 979 Τοῦ
804 932 848 979 δὲ
867 938 979 980 πλέον
996 940 1142 995 τολμᾷν
1161 934 1254 996 εἶρξε
1272 933 1422 996 διαυγὲς
1438 933 1555 996 ὕδωρ.

575 1071 664 1104 lucet
670 1071 774 1116 aquis,
785 1079 824 1104 ut
833 1072 974 1104 eburnea
983 1071 1010 1103 si
1021 1070 1094 1114 quis
1103 1070 1203 1115 Signa

575 1127 663 1163 tegat
679 1121 768 1153 claro
779 1120 832 1152 vel
845 1119 986 1153 candida
996 1120 1064 1152 lilia
1079 1120 1175 1153 viu-o.
1183 1135 1198 1149 ιι

573 1168 660 1201 Item
684 1168 765 1202 dicit
790 1169 986 1202 Ramiresius
1005 1168 1047 1202 de
1066 1169 1148 1201 rosis
1166 1168 1203 1201 in

574 1218 722 1261 sequenti
734 1228 853 1258 versug
867 1218 919 1251 vel
935 1217 1020 1250 forte
1029 1241 1039 1257 ,
1052 1217 1117 1257 ait,
1133 1217 1203 1250 luec

575 1266 672 1299 ambo
696 1266 904 1311 intelligenda
923 1273 1000 1299 sunt
1021 1265 1065 1299 de
1087 1277 1204 1310 specu·

573 1315 698 1348 laribus
715 1315 837 1359 quibus
863 1315 1012 1348 solebant
1028 1315 1143 1348 hortos
1168 1322 1202 1348 et

573 1364 657 1396 vites
665 1364 751 1408 ipsas
758 1372 866 1408 tegere
879 1376 921 1397 ne
934 1364 1055 1408 frigore
1062 1371 1118 1397 aut
1128 1375 1201 1397 aere

573 1411 780 1446 laederentur.
799 1412 877 1446 Vid.
896 1413 952 1446 lib.
975 1413 1076 1453 VIII,
1096 1412 1199 1457 epigr.

573 1473 647 1501 xiv,
662 1474 711 1495 vs.
728 1463 762 1495 3.

624 1514 658 1543 6.
676 1511 741 1543 Pro
765 1518 877 1549 teneras
900 1510 1106 1544 Schrevelius
1123 1511 1202 1555 legit

575 1561 678 1592 tenuis.
695 1577 746 1586 --
761 1559 896 1594 Gemma.
911 1560 1020 1592 Omne
1032 1561 1153 1594 vitrum
1167 1568 1202 1593 et

575 1619 708 1641 omnem
728 1608 894 1641 materiam
911 1620 983 1652 quae
1004 1610 1079 1642 viu-i
1099 1610 1200 1642 instar

574 1658 658 1690 uitet
677 1669 714 1691 ac
733 1658 899 1701 perlucet,
929 1658 1072 1702 appellat
1100 1657 1199 1691 Poeta

571 1718 727 1749 gemmam.
737 1706 814 1739 Vid.
825 1706 883 1739 lib.
894 1707 995 1746 VIII,
1007 1707 1198 1751 epigramm.

574 1766 705 1795 zxvnr,
723 1767 771 1789 vs.
790 1755 830 1797 ὅς
848 1755 904 1788 lib.
921 1756 1006 1796 XII,
1024 1756 1128 1800 epigr.
1145 1768 1199 1798 ιι,

1256 1083 1304 1105 π.
1324 1070 1365 1112 3;
1384 1071 1443 1105 lib.
1467 1071 1563 1111 xlv,
1579 1071 1685 1116 epigr.
1707 1083 1749 1106 xx
1772 1080 1806 1106 et
1827 1084 1885 1114 cx,

1257 1128 1320 1153 etc.
1343 1140 1393 1146 —
1420 1121 1527 1153 Rome.
1550 1120 1628 1153 Non
1647 1128 1771 1154 temere
1795 1134 1885 1157 rosas

1254 1168 1393 1212 liliaque
1411 1169 1510 1213 elegit
1525 1169 1646 1202 Noster
1662 1169 1733 1203 hoc.
1744 1170 1818 1203 loco
1833 1171 1885 1204 di-

1255 1217 1481 1258 numerand„
1500 1217 1562 1250 fuit
1576 1218 1665 1251 enim
1683 1231 1812 1264 semper
1829 1220 1885 1253 hic

1256 1278 1328 1299 mos
1338 1267 1457 1310 poetis,
1468 1274 1506 1300 ut
1519 1266 1682 1312 quidquid
1694 1268 1730 1300 iu
1745 1269 1883 1312 puellari

1254 1323 1425 1349 venustate
1437 1316 1513 1349 lene
1528 1316 1641 1357 rubet,
1661 1325 1721 1350 aut
1746 1317 1884 1361 pulchre

1253 1364 1403 1403 albescit.
1416 1365 1499 1398 rosis
1511 1373 1544 1397 et
1555 1364 1634 1398 liliis
1642 1373 1894 1409 compararent(

1305 1411 1339 1447 8.
1364 1414 1477 1447 Oscula
1501 1412 1603 1446 codex
1625 1414 1810 1448 Vaticanus.
1832 1435 1882 1443 -

1254 1462 1423 1506 Per-spiceae
1442 1463 1513 1506 plus
1525 1487 1535 1501 ,
1564 1470 1625 1496 etc.
1641 1463 1693 1496 Ne
1712 1463 1807 1508 plene
1829 1476 1882 1497 me

1253 1511 1302 1543 illi
1318 1511 1524 1545 conciliarem
1537 1536 1547 1552 ,
1563 1523 1750 1556 progressus
1765 1512 1806 1545 ad
1821 1525 1883 1546 σιε-

1255 1567 1317 1592 tera
1343 1563 1408 1605 quis
1437 1563 1529 1592 nescit
1544 1585 1555 1600 ‚
1584 1561 1797 1605 perspicuitas
1827 1562 1882 1595 vel

1253 1608 1431 1642 humiditas
1458 1620 1617 1653 aquarum
1649 1610 1714 1643 fuit
1738 1610 1881 1654 impedi-

1253 1665 1375 1690 mento.
1406 1678 1456 1684 —-
1483 1659 1559 1690 Plus
1589 1657 1678 1691 idem
1709 1667 1757 1691 est
1788 1660 1879 1704 quod

1253 1706 1354 1740 ovid.
1365 1714 1472 1739 «κείρω
1482 1718 1494 1739 .·
1512 1723 1525 1735 ι
1540 1707 1659 1739 Oscula
1672 1708 1729 1751 qui
1743 1709 1882 1752 spmpsit

1253 1755 1281 1788 si
1297 1767 1366 1788 non
1381 1763 1414 1788 et
1425 1763 1542 1789 caetera
1556 1756 1695 1800 sumpsit
1707 1772 1749 1797 ,.·
1769 1764 1830 1789 etc.

1114 1879 1345 1934 XXIII.

838 2024 902 2054 AD
936 2023 1188 2064 THALIAM,
1218 2024 1278 2052 DE
1313 2005 1615 2053 munuum*

763 2140 875 2183 DUM
900 2147 946 2182 tu
973 2138 1082 2182 lenta
1108 2138 1248 2191 nimis,
1269 2137 1421 2196 diuque
1445 2138 1612 2196 quoeris,

619 2268 635 2283 ¹
654 2269 861 2303 Leustricum
877 2269 1071 2302 Brutianum
1081 2292 1091 2308 ‚
1106 2269 1195 2313 opti·

568 2330 660 2352 mum
676 2327 709 2352 et
720 2318 965 2361 integerrimum
982 2318 1088 2351 virum
1105 2318 1195 2350 testi-

567 2368 682 2401 monio
696 2368 793 2401 Plinii
805 2367 961 2410 junioris,
974 2367 1032 2400 lib.
1041 2368 1091 2398 VI
1101 2391 1111 2407 ,
1122 2367 1194 2410 epi·

567 2417 651 2450 stola
671 2428 711 2449 22
728 2441 738 2457 ,
750 2415 860 2454 laudat
876 2424 913 2448 ut
931 2423 1060 2461 poetam
1078 2415 1193 2459 elegia-

565 2477 645 2499 cum
658 2472 692 2498 et
707 2465 1025 2509 epigrammata-ium
1035 2475 1192 2508 graecum,

566 2514 833 2558 nobilissimoque
851 2525 956 2557 graeco
983 2514 1194 2557 epigramma-

565 2564 651 2596 tario
663 2563 864 2596 Callimacho
878 2561 1145 2601 anteferendum3
1163 2569 1197 2594 et

566 2620 661 2656 optat
684 2620 721 2645 ut
735 2635 746 2651 ,
773 2612 800 2645 si
833 2611 1065 2656 epigrammata
1097 2610 1196 2643 latina

565 2661 705 2701 scribat,
717 2660 879 2694 secundus
892 2662 960 2705 ipse
971 2660 1012 2692 ab
1029 2671 1068 2692 eo
1079 2670 1196 2691 nume·

565 2718 672 2744 retur.
693 2710 750 2743 Est
772 2718 882 2743 autem
907 2717 1013 2743 totum
1041 2709 1198 2754 epigram-

1249 2279 1302 2300 ma
1320 2275 1518 2312 conceptum
1529 2279 1590 2312 per
1603 2268 1822 2313 apostrophen
1835 2269 1877 2302 ad
1892 2287 1895 2289 -

1247 2317 1397 2350 Thaliam
1421 2329 1557 2350 nnumin.
1575 2318 1720 2350 Ruminae.

1295 2385 1347 2393 —
1373 2366 1428 2398 Ad
1454 2367 1591 2398 Thaliam
1621 2366 1741 2400 lemma
1766 2375 1814 2401 est
1840 2367 1874 2400 in

1248 2414 1324 2448 edd.
1343 2423 1422 2448 vett.

1300 2476 1314 2497 1
1324 2488 1331 2496 .
1352 2464 1433 2496 Dum
1447 2471 1478 2495 tu
1495 2464 1574 2495 lenta
1589 2465 1686 2497 nimis.
1701 2463 1754 2497 Sic
1772 2465 1875 2498 totius

1247 2513 1488 2557 epigrammatis
1507 2524 1634 2545 sensum
1655 2521 1808 2556 putamus
1825 2515 1875 2546 in-

1249 2560 1459 2605 telligendum
1472 2572 1480 2593 :
1494 2561 1525 2593 O
1534 2562 1648 2594 Thalia
1658 2583 1668 2599 ‚
1680 2561 1761 2594 dum
1776 2562 1876 2595 dubia

1249 2609 1351 2643 haeres
1362 2618 1396 2643 et
1413 2609 1642 2643 cunctabunda
1652 2634 1662 2650 ‚
1677 2609 1737 2643 diu
1753 2611 1877 2644 delibe-

1249 2671 1301 2691 ras
1321 2659 1410 2702 quis,
1433 2661 1509 2691 inter
1530 2660 1707 2691 Brutiamim
1729 2668 1758 2691 et
1783 2660 1879 2692 Calli-

1251 2708 1405 2746 machum,
1433 2709 1559 2751 primus
1587 2707 1816 2752 secundusque
1840 2710 1882 2741 sit
