2447 3518
746 453 1285 497 EPIGRAMMATUM
1319 454 1436 495 LIB.
1470 453 1530 495 11.

1703 451 1787 495 261

1032 594 1254 649 XCIII.

945 737 1012 764 An
1050 718 1346 765 anconam*

561 851 732 892 Pnnms
753 849 825 891 ubi
844 858 923 902 est,
944 849 1094 907 inquis,
1113 864 1240 907 quum
1260 850 1312 891 sit
1333 848 1435 892 liber
1456 848 1530 892 iste
1550 848 1776 892 secundus?

625 913 735 968 Quid
759 914 902 956 faciam
916 946 927 967 ‚
948 914 980 956 si
1004 913 1095 972 plus
1119 912 1186 956 ille
1208 913 1375 972 pudoris
1396 913 1550 956 habet?

560 979 624 1020 Tu
644 987 781 1021 tamen
806 979 917 1022 hunc
943 978 1030 1021 fieri
1056 980 1089 1021 si
1115 979 1264 1032 mavis,
1287 978 1465 1037 Regule,
1488 979 1664 1037 primum
1684 995 1693 1021 :

626 1044 766 1086 Unum
790 1044 841 1086 de
863 1042 981 1086 titulo
1004 1043 1144 1086 tollere
1170 1044 1251 1086 iota
1273 1052 1399 1102 potes.

546 1167 619 1203 *Do
631 1172 746 1215 Regulo
763 1171 894 1204 vidend.
910 1172 1013 1216 epigr.
1025 1184 1124 1205 xxxxv

499 1231 596 1264 supra
607 1244 617 1261 ‚
628 1227 661 1253 et
670 1221 728 1254 lib.
739 1222 755 1253 1
763 1245 773 1258 ,
786 1221 886 1265 epigr.
895 1232 962 1253 κιιι
973 1244 983 1261 ,
994 1232 1123 1254 ικιιιιι

499 1277 532 1302 et
546 1280 626 1302 ειη.

549 1334 597 1339 -
618 1318 717 1351 Nulla
744 1318 880 1351 varietas
902 1326 950 1350 est
968 1318 1004 1351 in
1029 1318 1126 1363 hujus

501 1367 602 1411 epigr.
619 1367 769 1399 lectione·

555 1427 585 1449 1.
604 1416 720 1448 Primus
737 1416 796 1449 ubi.
819 1416 861 1447 In
881 1415 985 1448 lucem
1002 1414 1126 1459 prodiit

502 1463 667 1497 secundus
701 1465 755 1497 hie
781 1464 887 1504 liber,
919 1464 1030 1507 primo
1058 1476 1126 1497 nou

503 1512 591 1546 edito
598 1537 608 1554 ,
619 1514 703 1546 forte
710 1513 787 1557 quia
799 1513 926 1546 cautior
936 1512 1001 1545 fuit
1008 1513 1107 1546 Poeta
1113 1536 1124 1551 ,

504 1560 608 1594 donec
631 1562 809 1606 legentium
831 1560 954 1606 judicia
978 1560 1125 1601 audiret;

504 1611 557 1643 vel
572 1611 656 1644 forte
669 1610 744 1655 quia
762 1611 797 1644 in
808 1611 918 1655 primo
930 1610 1016 1643 libro
1025 1611 1127 1643 multa

505 1659 677 1702 scripserat
699 1659 741 1691 ad
769 1658 896 1693 laudem
920 1659 1009 1699 Titi,
1033 1661 1128 1704 cujus

505 1715 612 1740 tamen
628 1719 748 1741 nomen
762 1720 830 1742 non
851 1707 1021 1742 addiderat
1033 1733 1044 1749 ,
1070 1706 1127 1742 sed

508 1756 665 1791 Cursarem
685 1764 811 1791 tantum
827 1756 972 1798 dixerat,
994 1769 1066 1801 qua
1087 1757 1127 1789 li-

1178 1172 1295 1206 benten·
1301 1172 1425 1205 laturus
1433 1184 1454 1204 n
1460 1184 1504 1204 on
1513 1180 1581 1205 erat
1586 1172 1801 1213 Domitianus,

1179 1221 1236 1265 qui
1249 1220 1318 1254 Titi
1332 1221 1439 1253 fratris
1450 1228 1483 1253 et
1497 1221 1598 1264 patris
1611 1221 1801 1265 Vespasiani

1178 1268 1291 1302 laudes
1308 1270 1475 1313 arrogabat
1489 1269 1563 1302 sibi.

1204 1322 1206 1324 '
1228 1330 1260 1351 s.
1287 1317 1374 1361 Quid
1387 1315 1531 1360 faciam?
1557 1318 1634 1351 Non
1658 1326 1708 1351 est
1731 1330 1803 1351 mea

1179 1367 1291 1411 culpe,
1309 1366 1418 1411 inquit
1434 1367 1591 1400 Martialis
1605 1378 1615 1407 ς
1633 1366 1718 1399 liber
1732 1367 1803 1410 pri-

1179 1427 1251 1448 mus
1283 1422 1332 1449 est
1359 1414 1534 1448 modestior
1548 1440 1558 1455 ‚
1581 1415 1639 1460 qui
1672 1415 1805 1449 erubuit

1179 1463 1301 1497 scilicet
1310 1471 1436 1497 nostras
1444 1463 1485 1497 ad
1496 1471 1528 1497 te
1535 1464 1679 1508 perferre
1689 1475 1802 1508 nugas.

1230 1517 1263 1553 4.
1287 1513 1352 1545 Pro
1371 1513 1404 1545 11
1414 1536 1424 1553 ‚
1440 1524 1530 1557 pone
1545 1514 1584 1553 13
1604 1512 1726 1556 fletque
1742 1513 1803 1545 tibi

1179 1561 1308 1605 primus
1331 1561 1425 1595 liber.
1450 1563 1490 1594 Iu
1521 1560 1806 1606 epigrammatibus

1181 1610 1268 1643 enim
1295 1609 1378 1643 ordo
1401 1610 1538 1643 minime
1562 1608 1781 1653 respiciendus
1795 1622 1804 1649 ;

1165 1659 1270 1691 ,ῃιιΠι
1290 1659 1388 1691 series
1411 1666 1461 1691 est
1485 1658 1601 1691 melior
1629 1659 1805 1702 opusculo·

1180 1718 1416 1789 zurnflgorum
1430 1708 1655 1751 unusquisque
1665 1707 1727 1740 sibi
1741 1708 1808 1740 suf-

1206 1764 1261 1789 cit.
1313 1767 1345 1789 n.

1565 2772 1614 2816 ¹7
