2447 3518
816 442 1360 485 EPIGRAMMATUM
1393 442 1509 484 Lm.
1543 441 1624 482 1v.
1684 423 1688 427 ’

1786 439 1879 498 389

764 522 923 564 Nostris
944 523 1028 565 otia
1047 522 1263 566 commoda
1281 524 1496 566 Camoenis.

763 588 851 629 Nec
871 595 988 630 torva
1010 587 1099 646 lege
1123 588 1279 639 fronte,
1303 587 1372 630 sed
1396 588 1563 630 remissa

767 653 947 695 Lascivis
969 649 1151 696 madidos
1169 653 1273 711 jocis
1284 647 1461 696 libellos.

765 718 833 759 Sic
859 717 996 760 forsan
1024 727 1138 761 tener
1163 733 1286 761 ausus
1311 726 1374 760 est
1393 716 1576 761 Catullus

765 782 919 840 Magno
940 784 1102 826 mittere
1127 798 1330 842 passerem
1349 783 1524 825 Maroni.

569 921 683 942 sensus
702 910 759 954 qui
777 911 873 944 nobis
888 910 964 944 ideo
982 912 1125 944 maxime
1139 923 1196 945 ve-

569 957 713 991 risimilis
722 958 968 1004 videtur,qu0d
986 971 1083 994 voces
1101 964 1196 993 bem·

570 1009 608 1039 eis
620 1015 654 1040 et
665 1009 800 1052 neqm'ore
813 1009 907 1042 nobis
921 1017 1009 1043 certe
1023 1009 1196 1043 videantur

569 1055 656 1088 iuter
668 1068 703 1088 se
713 1057 882 1101 oppositas.
896 1058 961 1090 En.
972 1077 1023 1084 —
1037 1058 1101 1091 Sed
1114 1059 1196 1092 Bro-

568 1103 658 1137 daeus
673 1105 845 1149 legendum
863 1115 972 1140 censet
988 1115 1073 1151 tropa
1089 1120 1107 1141 e
1122 1108 1196 1141 loeo

568 1153 710 1187 Pollucis
722 1178 732 1195 ‚
745 1154 804 1188 lib.
814 1156 876 1188 lx.
892 1155 999 1188 nLudi
1010 1168 1129 1201 genus,
1142 1157 1194 1190 iu-

567 1202 641 1245 quit
670 1203 787 1236 Pollux
800 1228 810 1244 ,
834 1215 905 1248 quoe
936 1212 1020 1248 tropa
1048 1203 1172 1239 dicitur
1182 1230 1192 1246 ,

568 1251 669 1295 vulgo
677 1252 717 1285 fit
726 1276 737 1292 ‚
753 1252 826 1286 talis
837 1253 989 1286 immissis
998 1254 1032 1286 in
1045 1255 1194 1288 scrobem

568 1299 610 1333 ad
620 1311 677 1333 eos
693 1301 866 1334 commode
880 1301 1090 1347 excipiendos
1102 1314 1194 1336 com-

567 1356 723 1393 paratam.
737 1367 753 1381 ι
778 1370 829 1377 -
850 1351 914 1385 Alii
948 1351 1061 1395 legunt
1097 1359 1165 1384 mea
1179 1364 1193 1385 :

567 1397 714 1431 Raderns
733 1399 889 1443 intelligit
920 1400 1028 1444 ipsum
1049 1401 1192 1442 fimum

567 1445 633 1480 dici
649 1455 764 1487 totam,
784 1449 862 1492 quia
878 1448 1041 1482 rotundus
1060 1450 1194 1483 fritillas

566 1496 658 1529 velut
672 1498 828 1530 turricula
840 1521 850 1538 ‚
868 1509 908 1530 ex
926 1509 992 1542 qua
1015 1498 1104 1532 intus
1120 1510 1192 1542 gru·

567 1543 670 1578 danim
693 1557 808 1590 aspera
831 1547 886 1579 tali
918 1547 1191 1581 excutiebantur:

568 1605 669 1638 quare
691 1602 800 1628 autem
819 1594 926 1636 dicat,
948 1598 1082 1640 nequiore
1104 1597 1166 1629 talo
1180 1620 1190 1635 ,

568 1654 636 1675 non
646 1644 726 1676 mibi
735 1651 941 1688 compertum
952 1653 1000 1677 est
1008 1670 1017 1685 ‚
1026 1645 1090 1678 nisi
1098 1646 1194 1684 forte,

568 1691 659 1735 quod
673 1693 729 1726 tali
741 1693 942 1737 pruriginem
953 1693 1101 1727 libidinis
1111 1694 1195 1726 exci-

568 1749 640 1774 tent
653 1764 664 1781 ,
686 1749 723 1775 ut
740 1741 837 1775 docet
854 1742 973 1775 Junius
984 1767 994 1782 ,
1018 1742 1192 1776 Animadv.

567 1790 628 1823 lib.
645 1791 707 1831 lv,
721 1802 793 1835 cap.
814 1790 855 1824 13
867 1803 878 1832 3
890 1799 922 1824 et
934 1791 992 1824 lib.
1008 1793 1061 1832 11,
1076 1803 1145 1835 cap.
1161 1796 1194 1832 4,

568 1838 661 1883 quod
682 1840 753 1873 talis
769 1840 879 1873 lusum
900 1848 947 1873 est
961 1852 1022 1884 pro
1038 1840 1191 1873 foeminis.

568 1889 765 1922 Ramiresius
779 1889 869 1922 bunc
884 1901 1014 1922 versum
1030 1902 1049 1922 ει
1064 1891 1196 1923 nemine

569 1936 789 1979 intellectum,
812 1946 850 1971 ut
874 1938 938 1979 ait,
960 1938 1139 1983 intelligere
1160 1950 1195 1972 se

569 1995 662 2030 putat
682 1987 747 2020 boc
759 1998 867 2021 seusu.
884 1988 991 2020 Rotam
1004 1988 1122 2032 accipit
1133 1999 1195 2032 pro

568 2047 691 2069 corona
712 2037 890 2070 aleatorum
900 2060 910 2077 ,
926 2048 1024 2080 quam
1042 2037 1088 2070 sic
1102 2045 1197 2070 vocat

569 2084 727 2117 Martialis
750 2097 769 2118 a
792 2085 1007 2118 similitudine
1026 2094 1193 2118 rotarum:

568 2132 724 2167 sedebant
739 2133 827 2166 enim
841 2135 994 2167 aleatores
1006 2135 1041 2167 in
1060 2135 1196 2167 orbibus

570 2194 653 2226 quoe
671 2182 844 2227 cingebant
861 2195 973 2216 omnes
991 2184 1126 2217 circum.
1144 2204 1195 2210 —

569 2231 717 2276 Nequiore
738 2233 808 2264 talo.
832 2232 903 2264 Hoc
924 2240 989 2273 est,
1009 2233 1079 2265 talis
1095 2245 1195 2266 manu

565 2281 660 2324 jactis
690 2280 760 2313 sine
788 2281 902 2313 fritillo
917 2306 927 2320 ,
952 2282 986 2314 in
1013 2293 1082 2325 quo
1103 2283 1195 2326 jactu

568 2335 685 2361 manus·
710 2329 860 2373 improba
882 2331 1134 2373 compositiones
1162 2338 1194 2364 et

568 2378 731 2421 nequitias
760 2386 889 2422 patrare
914 2386 1044 2423 potestg
1076 2380 1121 2412 ita
1157 2387 1196 2412 ut

569 2427 724 2461 aleatores
746 2427 799 2461 alii
811 2451 822 2468 ,
845 2435 883 2461 ut
900 2427 933 2461 in
953 2439 1050 2462 versu
1074 2440 1194 2473 pracce-

1250 911 1341 946 denti
1349 936 1359 952 ,
1371 911 1492 945 fritillis
1504 918 1673 945 uterentur
1681 933 1693 952 ,
1708 911 1763 943 alii
1777 922 1877 943 manu

1248 960 1413 995 luderent.
1433 959 1568 994 Judicet
1582 960 1698 993 lector.
1714 979 1765 986 -
1788 960 1879 991 Tala.

1249 1010 1350 1044 Talus
1375 1017 1424 1043 est
1450 1008 1538 1054 apud
1566 1009 1700 1042 Latinos
1726 1020 1825 1052 quem
1857 1019 1875 1040 a

1250 1059 1371 1092 Graecis
1382 1066 1500 1092 vocant
1512 1058 1717 1103 astragalum.
1730 1057 1855 1090 Plinius
1865 1080 1875 1096 ,

1249 1109 1272 1141 l.
1289 1109 1450 1147 XXXIV,
1466 1108 1523 1141 ubi
1535 1107 1697 1152 Polycleti
1710 1105 1875 1139 meminit:

1253 1172 1267 1186 ι
1281 1157 1372 1190 Fecit
1387 1165 1423 1190 et
1439 1156 1688 1200 distr-ingentem
1708 1165 1743 1188 se
1759 1162 1793 1188 et
1813 1166 1875 1187 nu-

1247 1205 1328 1238 dum
1343 1206 1410 1239 telo
1429 1205 1652 1244 incedentem,
1676 1211 1774 1248 atque
1792 1202 1875 1236 duos

1247 1266 1366 1299 pueros
1385 1255 1464 1288 item
1481 1253 1588 1287 nudos
1611 1252 1684 1286 talis
1703 1252 1873 1291 ludentes;

1247 1304 1306 1348 qui
1316 1304 1474 1337 vocantur
1483 1302 1765 1346 Asu-agalizontes.
1772 1317 1787 1331 ι
1800 1301 1877 1334 Alia

1245 1353 1401 1397 pleraque
1409 1376 1420 1393 ‚
1431 1359 1470 1385 ut
1480 1352 1546 1385 boc
1555 1351 1687 1397 probet,
1692 1350 1877 1384 testimonie

1245 1400 1380 1435 adducit
1414 1400 1631 1445 Cnlceguinus
1660 1399 1703 1433 de
1733 1400 1875 1444 talorum

1245 1449 1336 1483 ludo.

1300 1510 1351 1532 10.
1382 1499 1502 1532 Nostris
1527 1500 1589 1530 otia
1604 1522 1615 1537 ,
1644 1504 1707 1530 etc.
1739 1495 1875 1540 Aliquid

1245 1548 1305 1581 otii
1321 1547 1432 1581 tribue
1447 1546 1594 1591 legendis
1606 1546 1687 1579 meis
1694 1545 1874 1579 versiculis.

1300 1608 1353 1630 η.
1373 1596 1523 1630 madidos.
1543 1595 1772 1629 Liber-iuribus
1790 1593 1873 1638 jocis

1245 1646 1377 1679 tinctos.

1300 1706 1314 1728 ι
1322 1695 1355 1728 3.
1368 1694 1472 1726 Tener.
1480 1693 1621 1737 Propter
1627 1692 1742 1725 molles
1750 1698 1783 1724 et
1790 1701 1876 1724 ama·

1246 1743 1348 1777 torios
1360 1753 1486 1776 versus.
1497 1742 1657 1775 —Ausm
1669 1748 1713 1773 ese
1726 1741 1874 1773 Catullus.

1246 1794 1353 1825 AEtate
1360 1791 1539 1836 Virgilium
1546 1790 1708 1835 processit
1715 1788 1877 1830 Catullus,

1245 1843 1337 1885 cujus
1352 1852 1451 1874 carm.
1468 1840 1520 1873 111
1533 1848 1584 1873 eet
1594 1838 1637 1873 de
1650 1850 1776 1884 passere
1789 1850 1879 1871 mor-

1247 1898 1308 1923 tuo
1325 1890 1468 1929 Lesbiae;
1484 1888 1560 1922 ideo
1577 1900 1646 1922 non
1668 1887 1778 1932 potuit
1795 1887 1872 1920 mit-

1248 1947 1317 1972 tere
1329 1950 1458 1972 carmen
1467 1938 1621 1982 Virgilio,
1631 1936 1690 1970 sed
1699 1937 1765 1970 hoc
1778 1936 1874 1980 fingit

1246 1988 1347 2021 Poeta
1360 2011 1371 2028 ,
1389 1995 1426 2021 ut
1437 1999 1472 2021 se
1485 1998 1563 2020 cum
1576 1987 1708 2020 Catullo
1727 1986 1871 2030 nquipu-

1247 2045 1316 2077 ret,
1332 2037 1452 2070 silium
1476 2043 1586 2069 nutem
1613 2047 1692 2068 cum
1715 2034 1876 2078 virgilio,

1248 2097 1345 2129 quem
1359 2085 1531 2128 diligenter
1546 2084 1691 2117 imitatus
1703 2091 1749 2117 est
1764 2106 1775 2122 ‚
1792 2095 1875 2116 con-

1249 2135 1341 2167 serat.
1357 2136 1407 2167 De
1419 2145 1548 2178 passere
1562 2133 1682 2166 Catulli
1695 2157 1705 2173 ‚
1720 2130 1795 2165 vide
1814 2132 1872 2165 lib.

1248 2185 1282 2224 1,
1295 2184 1399 2228 epigr.
1415 2195 1494 2216 vux.
1508 2182 1621 2216 Mallet
1634 2183 1741 2226 legere
1755 2181 1874 2213 Schre-

1249 2233 1351 2265 velius
1359 2256 1369 2273 ,
1379 2245 1467 2265 ausus
1474 2240 1505 2264 et
1515 2232 1663 2270 Catullus,
1675 2231 1737 2264 hac
1747 2237 1873 2263 mente:

1247 2281 1301 2314 Sic
1319 2281 1404 2315 forte
1420 2281 1517 2314 etiam
1534 2280 1680 2314 Catullus
1695 2279 1722 2312 si
1741 2278 1872 2311 vixisset

1248 2342 1374 2364 cooevus
1388 2330 1551 2374 Virgilio,
1568 2337 1607 2362 ut
1625 2329 1686 2361 tibi
1706 2339 1785 2371 ego,
1811 2339 1872 2359 au-

1249 2392 1303 2413 sus
1321 2379 1432 2413 fuisset
1455 2379 1584 2413 mittere
1611 2389 1687 2412 suos
1710 2374 1874 2411 bendeca-

1248 2429 1401 2473 syllabus.

1601 2745 1686 2797 25³
