2447 3518
711 404 787 432 xiv
885 391 970 432 DE
1005 392 1061 432 M.
1087 393 1217 435 VAL.
1251 394 1609 436 MARTIALIS
1649 396 1800 438 VITA

709 470 819 527 quod
833 469 1025 514 Claudius
1043 481 1126 514 tam
1147 472 1225 514 vile
1244 458 1415 524 fecerat,
1434 483 1478 515 ut
1499 475 1634 517 vitreis
1652 475 1789 518 fractis
1808 476 1930 535 vulgo
1947 478 2005 520 di·

709 544 869 577 ceretur
893 537 983 578 emi.
1005 537 1118 579 Otho
1144 552 1243 580 vero
1264 540 1486 596 peregrinis
1505 540 1628 581 etiam
1650 540 1836 593 donavit,
1859 552 1903 585 ut
1925 544 2005 585 Dio

707 600 748 641 in
781 599 953 643 Claudio
982 610 1024 643 et
1053 602 1218 645 Othone
1244 612 1434 646 testatum
1462 602 1632 661 reliquit.
1666 604 1815 649 Bilbilis
1846 606 2004 650 colonia

704 665 885 722 Augusta
909 665 1017 709 dicta
1037 675 1118 720 est,
1139 676 1187 709 ut
1206 668 1291 726 ipse
1310 667 1473 721 scribit,
1493 667 1558 710 lib.
1583 670 1644 722 X,
1663 671 1788 729 epigr.
1820 671 1904 715 103
1927 689 1939 725 ;

870 766 1088 814 MunicipeS‚
1108 770 1267 815 Augusta
1285 767 1372 803 mihi
1389 779 1479 816 quos
1496 767 1632 807 Bilbilis
1649 770 1721 805 acri

916 825 1041 859 Monte
1056 831 1175 859 creat:

700 937 741 971 et
758 936 888 969 exstat
904 928 945 969 in
963 927 1113 969 Tiberii
1131 927 1234 985 Imp.
1253 941 1358 969 aereo
1374 943 1558 979 nummo,
1572 929 1779 972 Auonsn
1799 932 1997 975 Blmnus.

698 993 970 1050 Vespasianus
994 1000 1128 1034 autem
1144 1025 1156 1045 ,
1178 990 1306 1034 Plinio
1324 1000 1424 1035 teste
1447 994 1534 1047 III,
1557 991 1609 1045 3,
1631 994 1829 1037 universae
1848 997 1997 1055 Hispa-

698 1059 775 1101 niae
801 1058 868 1114 jus
900 1058 1005 1100 Latii
1034 1056 1166 1110 dedit3
1190 1057 1395 1099 civitatem
1425 1066 1565 1116 postea
1590 1058 1835 1102 Caracallus.
1865 1062 1997 1105 Marci

696 1137 794 1181 ergo
819 1132 860 1164 et
884 1121 1036 1164 Valerii
1063 1123 1251 1175 nomina,
1275 1137 1388 1164 more
1418 1123 1567 1165 civium
1590 1124 1867 1166 Romanorum
1884 1158 1896 1175 ,
1927 1128 1996 1184 qui

695 1202 951 1246 praenomen,
970 1202 1118 1229 nomen
1131 1220 1142 1240 ,
1165 1202 1393 1245 cognomen
1419 1187 1620 1241 serebant,
1640 1188 1714 1230 sibi
1732 1191 1856 1232 Poeta
1872 1189 1968 1248 legit
1982 1224 1994 1244 ,

695 1253 893 1296 arbitratu
915 1267 1009 1294 reor
1034 1267 1119 1294 suo.
1143 1252 1275 1294 Marci
1294 1251 1398 1294 forte
1417 1261 1458 1294 et
1479 1252 1699 1305 Martialis,
1726 1254 1833 1312 quod
1857 1271 1994 1299 mense

695 1319 841 1360 Martis
863 1326 968 1359 esset
993 1316 1145 1370 editus3
1170 1315 1225 1358 illi
1245 1317 1351 1359 enim
1374 1318 1525 1371 Marci,
1551 1326 1597 1359 ut
1616 1318 1784 1361 Veteres
1806 1320 1992 1374 tradunt,

693 1382 956 1426 vocabantur.
979 1380 1131 1423 Valerii
1158 1397 1308 1423 nomen
1321 1413 1333 1434 ,
1359 1381 1424 1424 vel
1450 1397 1475 1423 a
1500 1383 1727 1425 Maecenate
1758 1399 1832 1426 suo
1859 1384 1992 1444 aliquo

692 1448 857 1491 Valerio
874 1480 886 1501 ,
904 1448 968 1490 vel
991 1445 1155 1489 Valerio
1180 1445 1325 1489 Flacco
1349 1446 1534 1489 familiari
1556 1456 1700 1505 poeta,
1719 1448 1782 1491 vel
1809 1449 1914 1492 forte
1937 1451 1991 1493 ob

683 1513 931 1557 memoriam
956 1511 1125 1564 Catulli,
1148 1526 1268 1568 quem
1291 1520 1352 1554 est
1376 1512 1552 1554 imitatus
1567 1544 1579 1564 ‚
1597 1513 1666 1569 qui
1696 1522 1738 1556 et
1761 1515 1845 1571 ipse
1868 1515 1989 1557 Vale—

692 1580 776 1621 rius
802 1577 981 1631 audivit,
1005 1576 1079 1619 sibi
1103 1578 1276 1635 sumpsit
1299 1592 1309 1618 ε
1338 1591 1413 1619 nec
1440 1577 1547 1619 enim
1572 1592 1598 1619 a
1622 1578 1841 1636 majoribus
1871 1595 1989 1622 acce-

689 1652 808 1702 ptum
841 1643 1039 1694 arbitror,
1069 1642 1142 1684 etsi
1179 1657 1262 1684 non
1295 1642 1463 1699 ignoro,
1491 1642 1656 1685 nomina
1688 1644 1804 1686 novis
1833 1644 1989 1688 civibus

690 1717 897 1767 assumpta
912 1708 965 1750 ab
981 1709 1028 1750 iis
1039 1736 1051 1758 ,
1068 1722 1240 1764 quorum
1255 1706 1453 1750 beneficio
1468 1708 1672 1750 civitatem
1688 1708 1987 1766 impetrassent,

688 1788 762 1817 sua
786 1788 883 1816 vero
910 1788 986 1831 pro
1006 1771 1316 1830 cognominibus
1335 1780 1505 1815 servata.
1527 1772 1651 1827 Quod
1670 1772 1738 1816 lib.
1767 1775 1786 1815 1
1811 1774 1861 1816 de
1880 1774 1986 1817 bello

688 1838 845 1882 Gallico
883 1840 1020 1880 Caesar
1049 1838 1250 1889 ostendit,
1280 1853 1405 1895 quum
1436 1838 1520 1888 ait;
1553 1855 1575 1876 α
1605 1838 1984 1882 Commodissimum

687 1906 819 1947 visum
847 1913 928 1953 est,
950 1905 1008 1945 M.
1029 1902 1236 1945 Valerium
1261 1901 1498 1955 Procillum,
1521 1903 1609 1945 Caii
1633 1902 1785 1945 Valerii
1812 1905 1983 1947 Caburri

687 1969 837 2022 filium,
859 1969 973 2026 cujus
997 1977 1114 2026 pater
1144 1983 1167 2010 a
1193 1969 1293 2011 Caio
1316 1966 1480 2009 Valerio
1501 1966 1644 2011 Flacco
1670 1969 1831 2011 civitate
1857 1969 1982 2011 dona-

687 2043 752 2077 tus
775 2044 885 2088 erat,
909 2034 1116 2076 mittere».
1138 2034 1194 2074 Et
1218 2034 1365 2076 Cicero
1389 2032 1442 2074 ad
1463 2031 1661 2085 Acilium,
1681 2035 1815 2076 «Cum
1833 2035 1982 2076 Deme·

686 2100 765 2143 trio
790 2101 914 2158 Mega
939 2099 1038 2141 mihi
1061 2106 1178 2141 vetus
1197 2099 1415 2156 hospitium
1436 2106 1519 2139 est:
1545 2098 1584 2139 ei
1606 2097 1817 2140 Dolabella
1837 2109 1980 2157 rogatu

685 2180 778 2208 meo
799 2166 1002 2207 civitatem
1028 2164 1259 2221 impetravit
1272 2196 1285 2217 ,
1303 2178 1383 2221 qua
1406 2163 1448 2204 in
1475 2177 1519 2204 re
1542 2177 1619 2221 ego
1642 2163 1815 2205 interfui.
1836 2166 1980 2222 Itaque

684 2245 793 2273 nunc
817 2232 861 2273 P.
889 2228 1102 2273 Cornelius
1125 2237 1339 2272 vocatur».
1357 2228 1471 2270 Idem
1495 2226 1546 2270 ad
1568 2227 1752 2271 eumdem
1782 2228 1976 2271 Acilium:

690 2313 711 2335 α
733 2298 782 2339 C.
800 2296 1014 2338 Avianium
1030 2293 1295 2336 Philoxenum
1310 2295 1446 2336 Caesar
1461 2308 1554 2335 meo
1569 2292 1766 2335 beneficio
1783 2295 1825 2335 in
1839 2296 1978 2338 Novo-

685 2376 893 2403 comenses
912 2358 1069 2413 retulit,
1086 2374 1233 2401 nomen
1262 2367 1394 2401 autem
1414 2358 1573 2400 Avianii
1597 2367 1868 2416 consequutus
1891 2370 1951 2402 est
1964 2392 1976 2412 ,

682 2426 791 2484 quod
818 2426 981 2467 homine
1007 2423 1118 2467 nullo
1142 2423 1232 2482 plus
1259 2439 1355 2467 usus
1384 2432 1470 2487 est,
1490 2438 1610 2481 quam
1638 2422 1782 2465 Flacco
1805 2425 1976 2467 Avianio

682 2507 773 2533 meo
808 2489 1127 2533 familiarissimo.
1155 2508 1175 2528 n
1216 2490 1319 2531 Item
1358 2490 1399 2530 in
1434 2490 1634 2530 Verrem:
1666 2507 1688 2527 c<
1711 2488 1762 2542 Q.
1792 2491 1975 2532 Lutatius

681 2548 885 2599 Diodorus
903 2554 1102 2597 beneficio
1114 2556 1166 2609 Q
1182 2553 1315 2596 Catuli
1331 2569 1356 2596 a
1368 2552 1475 2611 Sylla
1494 2554 1594 2596 civis
1604 2555 1812 2596 Romanus
1826 2554 1972 2608 factus,

681 2622 901 2678 cademque
918 2620 1072 2662 ratione
1089 2620 1140 2662 de
1157 2620 1289 2662 Dione
1301 2652 1314 2673 ,
1329 2620 1400 2677 qui
1417 2618 1614 2662 beneficio
1630 2620 1683 2673 Q.
1703 2618 1853 2662 Metelli
1872 2620 1972 2662 civis
