2447 3518
707 435 846 466 xxxv!
923 423 1356 466 DISSERTATIO
1389 424 1473 466 DE
1504 423 1662 467 INGE
1674 424 1742 468 NI
1753 426 1793 467 Ο

898 499 993 544 Ergo
1007 496 1084 533 sine
1097 495 1228 533 effectu
1242 496 1359 545 prurit
1374 505 1525 544 uterque
1540 495 1655 533 labor.

851 556 1012 604 Supplex
1024 555 1083 591 illa
1098 563 1200 604 rogat
1211 567 1279 604 pro
1293 567 1331 591 se
1340 582 1350 600 ‚
1365 556 1571 604 miserisque
1584 555 1740 601 duobus,

897 617 1003 651 Hunc
1016 614 1185 662 juvenem
1204 614 1328 658 facias,
1346 614 1459 659 hunc,
1475 614 1671 662 Cytherea,
1684 616 1811 651 virum.
1825 623 1834 639 ¹

704 721 768 762 En
791 718 921 773 aliud,
938 734 1021 776 quo
1042 718 1143 761 duas
1167 719 1336 762 feminas
1357 733 1599 778 comparans
1617 729 1755 779 rogat,
1770 729 1863 763 utra
1882 722 2010 780 magis

708 784 831 843 digna
856 800 947 842 quae
971 792 1129 827 ametur
1155 792 1196 826 et
1221 792 1448 842 repetatur:

847 891 901 927 Sit
913 890 1055 938 Phlogis
1066 917 1077 935 ,
1090 902 1136 925 an
1155 889 1291 926 Chione
1305 891 1438 927 Veneri
1454 891 1563 938 magis
1583 899 1667 939 apta
1683 891 1835 939 requiris
1846 894 1863 927 Ρ

895 949 1083 985 Pulchrior
1098 956 1152 984 est
1166 949 1322 994 Chione3
1335 949 1397 985 sed
1414 949 1557 998 Phlogis
1573 950 1673 986 ulcus
1686 949 1806 987 habet.

845 1009 954 1047 Ulcus
971 1008 1098 1052 habet,
1115 1007 1215 1056 quod
1232 1007 1366 1045 habere
1384 1020 1484 1045 suam
1501 1009 1580 1045 vult
1595 1011 1746 1058 quisque
1762 1011 1915 1058 puellam
1919 1035 1982 1047 .....

893 1068 1072 1116 Quodque
1090 1079 1210 1103 senem
1232 1068 1371 1116 Pylium
1390 1080 1462 1103 non
1480 1069 1571 1105 sinat
1586 1081 1662 1105 esse
1677 1081 1809 1105 senem.

845 1132 892 1165 At
908 1128 1046 1163 Chione
1057 1139 1131 1163 non
1148 1126 1254 1163 sentit
1270 1139 1363 1175 opus
1373 1153 1383 1169 ,
1395 1139 1461 1163 nec
1474 1126 1624 1164 vocibus
1637 1128 1718 1164 ullis

893 1186 1069 1235 Adjuvnt:
1085 1186 1265 1223 absentem
1283 1198 1563 1224 marmoreamve
1578 1195 1690 1236 putes.

844 1250 1021 1291 Exorare,
1039 1246 1128 1290 Dei,
1142 1247 1172 1281 si
1190 1258 1256 1282 vos
1273 1254 1345 1282 tam
1359 1258 1484 1295 magna
1500 1246 1643 1291 liceret,

894 1309 937 1341 Et
950 1305 1046 1341 bona
1058 1306 1196 1341 velletis
1210 1314 1282 1342 tum
1296 1306 1451 1354 pretiosa
1467 1306 1575 1351 dare-3

846 1368 925 1403 Hoc
939 1365 1039 1413 quod
1055 1364 1166 1401 habet
1178 1365 1315 1402 Chione
1330 1377 1477 1414 corpus,
1491 1366 1652 1402 faceretis
1664 1365 1813 1402 haberet
1822 1392 1833 1410 ,

894 1428 945 1462 Ut
960 1425 1124 1473 Phlogis3
1139 1432 1176 1460 et
1187 1425 1345 1470 Chione,
1361 1425 1459 1472 quod
1478 1425 1622 1474 Phlogis
1636 1426 1737 1462 uleus
1750 1425 1869 1462 habet.
1882 1433 1894 1449 ¹

702 1529 776 1571 His
803 1542 908 1586 saepe
939 1528 1081 1570 intexit
1101 1527 1321 1569 sententias
1344 1535 1416 1569 aut
1441 1526 1622 1581 nobiles,
1639 1536 1713 1570 aut
1742 1543 2010 1587 graves‚quae

702 1593 899 1636 brevitate
934 1607 1006 1636 sua
1042 1592 1216 1635 maxime
1251 1593 1551 1650 perstringunt,
1581 1593 1669 1635 haec
1699 1608 1737 1634 v.
1772 1608 1809 1652 g.
1836 1594 1878 1636 in
1912 1609 2008 1636 ava-

702 1659 834 1701 ritiam
856 1674 866 1699 τ

850 1767 951 1812 Rape
961 1789 972 1808 ,
988 1774 1140 1810 congere
1153 1790 1164 1808 ,
1180 1763 1301 1808 aufer,
1316 1762 1475 1812 posside:
1492 1762 1764 1810 relinquendum
1778 1771 1841 1799 est.
1851 1764 1864 1788 ³

705 1868 755 1911 de
782 1868 1007 1910 amicorum
1030 1866 1163 1924 specie
1190 1865 1391 1908 rarissima
1412 1881 1422 1907 ε

849 1976 990 2010 Aurum
1007 1978 1043 2007 et
1058 1980 1146 2018 opes
1160 1977 1197 2005 et
1209 1980 1294 2005 rura
1311 1970 1480 2018 frequens
1494 1969 1642 2007 donabit
1655 1971 1806 2016 anien-*13

897 2029 970 2076 Qui
983 2029 1069 2065 velit
1082 2028 1224 2077 ingenio
1238 2027 1382 2073 cedere,
1398 2040 1499 2065 rarus
1516 2029 1593 2065 erit.
1602 2032 1616 2057 ⁴

702 2136 780 2182 Vel
802 2137 852 2180 de
877 2135 1124 2178 matrimonii
1149 2133 1332 2177 solvendi
1359 2143 1400 2177 et
1431 2149 1571 2177 rursus
1595 2135 1864 2179 contrahendi
1888 2138 2007 2181 nimis

702 2203 831 2246 libera
851 2200 1043 2244 facultate
1062 2216 1071 2241 :

952 2329 962 2337 .
977 2329 984 2336 .
1002 2300 1121 2337 ‚nubit
1139 2300 1278 2336 decimo
1292 2300 1365 2349 jam
1379 2300 1567 2337 Thelesina
1581 2301 1672 2336 viro.

847 2366 935 2407 Quae
953 2359 1057 2396 nubit
1073 2360 1197 2404 toties,
1209 2370 1281 2394 non
1297 2357 1401 2395 nubit
1416 2373 1424 2394 :
1443 2359 1602 2395 adultera
1618 2360 1694 2409 lege
1712 2360 1797 2396 est.⁵

754 2477 783 2498 1.
795 2465 871 2497 Lib.
886 2463 952 2503 XI,
964 2462 1066 2506 epigr.
1079 2471 1184 2493 mxi.

751 2526 784 2546 ι.
798 2513 871 2546 Lib.
888 2512 954 2550 XI,
972 2512 1073 2555 epigr.
1090 2521 1143 2542 u.

748 2562 781 2595 3.
794 2562 867 2594 Lib.
878 2560 978 2599 VIII,
991 2559 1094 2603 epigr.
1108 2568 1198 2596 κων,
1212 2569 1257 2590 vs.
1278 2569 1311 2599 9.

749 2615 782 2650 4.
795 2608 880 2643 Ibid.
896 2608 997 2652 epigr.
1010 2617 1115 2646 xvui,
1128 2618 1174 2639 vs.
1188 2617 1208 2647 9
1222 2614 1254 2639 et
1270 2617 1320 2637 io.

748 2661 780 2692 5.
794 2659 867 2692 Lib.
881 2658 930 2689 vl
941 2681 950 2696 ,
964 2656 1064 2699 epigr.
1076 2666 1126 2687 vn
1136 2679 1146 2694 ‚
1158 2666 1201 2686 vu.
1220 2659 1239 2693 4
1254 2653 1332 2686 215.
